count_fp,created_time,no_price_dollars,taker_side,ticker,trade_id,yes_price_dollars,ts_utc
38.00,2026-02-28T19:59:29.777393Z,0.4600,yes,KXKHAMENEIOUT-AKHA-26JUL01,895e0639-e7dd-71a0-56b6-66c6ec92cf0a,0.5400,2026-02-28 19:59:29.777393+00:00
75.00,2026-02-28T19:59:28.302873Z,0.4600,yes,KXKHAMENEIOUT-AKHA-26JUL01,5a6f0507-0679-4708-be72-05f11b5516a2,0.5400,2026-02-28 19:59:28.302873+00:00
104.00,2026-02-28T19:59:28.302873Z,0.4600,yes,KXKHAMENEIOUT-AKHA-26JUL01,0321fd9d-4b8d-47bc-a511-b5707f7206d5,0.5400,2026-02-28 19:59:28.302873+00:00
44.00,2026-02-28T19:59:26.261442Z,0.4600,yes,KXKHAMENEIOUT-AKHA-26JUL01,bcae2dcc-2fad-7918-3157-dbe03c68b349,0.5400,2026-02-28 19:59:26.261442+00:00
35.00,2026-02-28T19:59:20.666418Z,0.4600,yes,KXKHAMENEIOUT-AKHA-26JUL01,197f18be-eb75-7764-8e31-5137bba8c6b9,0.5400,2026-02-28 19:59:20.666418+00:00
93.00,2026-02-28T19:59:16.074851Z,0.4600,yes,KXKHAMENEIOUT-AKHA-26JUL01,9d042183-8ad5-7b2c-b87a-549bff379361,0.5400,2026-02-28 19:59:16.074851+00:00
21.00,2026-02-28T19:59:16.074851Z,0.4700,yes,KXKHAMENEIOUT-AKHA-26JUL01,6364127b-f52a-7e2a-9eea-604db661cefe,0.5300,2026-02-28 19:59:16.074851+00:00
65.00,2026-02-28T19:59:16.074851Z,0.4600,yes,KXKHAMENEIOUT-AKHA-26JUL01,50619e94-530b-71c5-b7b2-cfdaedb116fb,0.5400,2026-02-28 19:59:16.074851+00:00
9.00,2026-02-28T19:59:14.555266Z,0.4700,yes,KXKHAMENEIOUT-AKHA-26JUL01,9253b870-34a6-7eee-2e13-ea9b1d6719a6,0.5300,2026-02-28 19:59:14.555266+00:00
179.00,2026-02-28T19:59:12.620022Z,0.4600,yes,KXKHAMENEIOUT-AKHA-26JUL01,9c850004-dc3b-5931-7bf2-71643d6ae49b,0.5400,2026-02-28 19:59:12.620022+00:00
26.00,2026-02-28T19:59:12.535239Z,0.4600,yes,KXKHAMENEIOUT-AKHA-26JUL01,4dbdbded-b893-603d-14f4-156363e44cb3,0.5400,2026-02-28 19:59:12.535239+00:00
2.00,2026-02-28T19:59:12.516169Z,0.4800,no,KXKHAMENEIOUT-AKHA-26JUL01,8023dcc2-d2cc-5562-aa5b-a17afbaebb6c,0.5200,2026-02-28 19:59:12.516169+00:00
303.00,2026-02-28T19:59:12.516169Z,0.4900,no,KXKHAMENEIOUT-AKHA-26JUL01,16c27e75-9a3f-5da5-ba31-aa344f9b3ce1,0.5100,2026-02-28 19:59:12.516169+00:00
23.00,2026-02-28T19:59:12.516169Z,0.4800,no,KXKHAMENEIOUT-AKHA-26JUL01,0cf2ae33-2ae5-57c4-8ec6-6831ffadab49,0.5200,2026-02-28 19:59:12.516169+00:00
30.00,2026-02-28T19:59:12.516169Z,0.4900,no,KXKHAMENEIOUT-AKHA-26JUL01,08542621-2cd2-566b-a330-c3359fdeb2bc,0.5100,2026-02-28 19:59:12.516169+00:00
897.00,2026-02-28T19:59:11.01179Z,0.4600,yes,KXKHAMENEIOUT-AKHA-26JUL01,1cdce66a-61f3-4871-f632-555471b15083,0.5400,2026-02-28 19:59:11.011790+00:00
35.00,2026-02-28T19:59:09.468635Z,0.4600,yes,KXKHAMENEIOUT-AKHA-26JUL01,0021bf49-eb53-4269-2fe2-d94cf5e8191f,0.5400,2026-02-28 19:59:09.468635+00:00
308.00,2026-02-28T19:59:08.608724Z,0.4600,yes,KXKHAMENEIOUT-AKHA-26JUL01,83651c32-ebe7-5c0d-77bc-7b2295cf6f83,0.5400,2026-02-28 19:59:08.608724+00:00
8.00,2026-02-28T19:59:07.955002Z,0.4600,yes,KXKHAMENEIOUT-AKHA-26JUL01,43b059fd-5f73-791d-f2b4-47135126fbff,0.5400,2026-02-28 19:59:07.955002+00:00
35.00,2026-02-28T19:59:07.77315Z,0.4600,yes,KXKHAMENEIOUT-AKHA-26JUL01,c55aea5b-780b-7249-90e5-14f52b19bb13,0.5400,2026-02-28 19:59:07.773150+00:00
35.00,2026-02-28T19:59:07.585189Z,0.4600,yes,KXKHAMENEIOUT-AKHA-26JUL01,9d68710f-347f-4dbd-8935-b51e2642e1c3,0.5400,2026-02-28 19:59:07.585189+00:00
44.00,2026-02-28T19:59:06.301253Z,0.4600,yes,KXKHAMENEIOUT-AKHA-26JUL01,39c60c8b-7dff-7449-f471-435b90a748cb,0.5400,2026-02-28 19:59:06.301253+00:00
2.00,2026-02-28T19:59:00.381379Z,0.4800,no,KXKHAMENEIOUT-AKHA-26JUL01,13dc98e1-1299-7c08-d603-cc1cc42820b5,0.5200,2026-02-28 19:59:00.381379+00:00
11.00,2026-02-28T19:58:57.681405Z,0.4600,yes,KXKHAMENEIOUT-AKHA-26JUL01,c172fdf3-841b-543d-3d1c-148b8f29aeff,0.5400,2026-02-28 19:58:57.681405+00:00
25.00,2026-02-28T19:58:57.681405Z,0.4700,yes,KXKHAMENEIOUT-AKHA-26JUL01,6ee27677-a43e-5e3d-26fb-874e587a8b6c,0.5300,2026-02-28 19:58:57.681405+00:00
274.00,2026-02-28T19:58:56.513257Z,0.4700,yes,KXKHAMENEIOUT-AKHA-26JUL01,6e7ddc3b-1716-5909-1243-c895ff20eb18,0.5300,2026-02-28 19:58:56.513257+00:00
45.00,2026-02-28T19:58:46.885934Z,0.4700,yes,KXKHAMENEIOUT-AKHA-26JUL01,5a9c5ff9-e57a-70d1-354a-59f4b039f9bc,0.5300,2026-02-28 19:58:46.885934+00:00
182.00,2026-02-28T19:58:43.317793Z,0.4700,yes,KXKHAMENEIOUT-AKHA-26JUL01,3e4b54de-6ea6-740d-1b86-d52b6adbc92c,0.5300,2026-02-28 19:58:43.317793+00:00
75.00,2026-02-28T19:58:41.74687Z,0.4700,yes,KXKHAMENEIOUT-AKHA-26JUL01,ecec3b0d-887f-7895-4c67-7cec4dbf3eef,0.5300,2026-02-28 19:58:41.746870+00:00
7.00,2026-02-28T19:58:41.74687Z,0.4600,yes,KXKHAMENEIOUT-AKHA-26JUL01,5684e382-17a7-7a05-446b-0100b70611df,0.5400,2026-02-28 19:58:41.746870+00:00
9.00,2026-02-28T19:58:41.59895Z,0.4700,yes,KXKHAMENEIOUT-AKHA-26JUL01,cb1a913b-d5a7-6f25-0c8f-0bf8d9380c3f,0.5300,2026-02-28 19:58:41.598950+00:00
27.00,2026-02-28T19:58:41.208981Z,0.4700,yes,KXKHAMENEIOUT-AKHA-26JUL01,ce392530-0dc3-4979-341f-a6183be9a237,0.5300,2026-02-28 19:58:41.208981+00:00
179.00,2026-02-28T19:58:37.609733Z,0.4600,yes,KXKHAMENEIOUT-AKHA-26JUL01,bf47f95f-77eb-5055-1c22-db577b2c20d3,0.5400,2026-02-28 19:58:37.609733+00:00
26.00,2026-02-28T19:58:35.129147Z,0.4600,yes,KXKHAMENEIOUT-AKHA-26JUL01,a99a6d45-9937-5f35-afcd-ef4052d8d8db,0.5400,2026-02-28 19:58:35.129147+00:00
179.00,2026-02-28T19:58:33.401715Z,0.4600,yes,KXKHAMENEIOUT-AKHA-26JUL01,310ebca0-119f-55c5-5c5b-bbc6f756b7a3,0.5400,2026-02-28 19:58:33.401715+00:00
89.00,2026-02-28T19:58:33.3362Z,0.4600,yes,KXKHAMENEIOUT-AKHA-26JUL01,400591ae-976f-59a9-7a35-edc0da6cc5f3,0.5400,2026-02-28 19:58:33.336200+00:00
25.00,2026-02-28T19:58:31.622106Z,0.4700,yes,KXKHAMENEIOUT-AKHA-26JUL01,f40db306-72bb-5cf0-96c7-f0801d6609ff,0.5300,2026-02-28 19:58:31.622106+00:00
333.00,2026-02-28T19:58:31.622106Z,0.4600,yes,KXKHAMENEIOUT-AKHA-26JUL01,e66eec6b-a147-5741-8e08-91463469b237,0.5400,2026-02-28 19:58:31.622106+00:00
44.00,2026-02-28T19:58:28.743616Z,0.4600,yes,KXKHAMENEIOUT-AKHA-26JUL01,a8693396-585b-5969-f282-af8d640382cb,0.5400,2026-02-28 19:58:28.743616+00:00
45.00,2026-02-28T19:58:28.743616Z,0.4600,yes,KXKHAMENEIOUT-AKHA-26JUL01,5a682a00-537d-52bf-e059-d0c0482a9836,0.5400,2026-02-28 19:58:28.743616+00:00
174.00,2026-02-28T19:58:27.528969Z,0.4600,yes,KXKHAMENEIOUT-AKHA-26JUL01,b43ccdb7-b17f-4ecb-519c-dea1e6d5bf15,0.5400,2026-02-28 19:58:27.528969+00:00
25.00,2026-02-28T19:58:27.528969Z,0.4700,yes,KXKHAMENEIOUT-AKHA-26JUL01,45f7b163-f11d-4e74-5d79-2e0f9fe53acb,0.5300,2026-02-28 19:58:27.528969+00:00
70.00,2026-02-28T19:58:27.528969Z,0.4600,yes,KXKHAMENEIOUT-AKHA-26JUL01,10ebe62a-ba3d-471f-5040-e92c9d2a5ee2,0.5400,2026-02-28 19:58:27.528969+00:00
732.00,2026-02-28T19:58:26.311282Z,0.4700,yes,KXKHAMENEIOUT-AKHA-26JUL01,bc1aa1fc-9325-471d-37fb-9296a19c4c7d,0.5300,2026-02-28 19:58:26.311282+00:00
51.00,2026-02-28T19:58:26.311282Z,0.4700,yes,KXKHAMENEIOUT-AKHA-26JUL01,8ed60756-0833-453c-1a19-9e662abad82b,0.5300,2026-02-28 19:58:26.311282+00:00
70.00,2026-02-28T19:58:26.311282Z,0.4800,yes,KXKHAMENEIOUT-AKHA-26JUL01,56d5a513-c490-43fa-1af8-12378f4db74a,0.5200,2026-02-28 19:58:26.311282+00:00
2734.00,2026-02-28T19:58:26.311282Z,0.4600,yes,KXKHAMENEIOUT-AKHA-26JUL01,1b7c98a6-8537-48d3-387b-7490f28b8fa9,0.5400,2026-02-28 19:58:26.311282+00:00
25.00,2026-02-28T19:58:25.95622Z,0.4800,yes,KXKHAMENEIOUT-AKHA-26JUL01,7fd9afcc-ca6c-78da-c393-110cf510be76,0.5200,2026-02-28 19:58:25.956220+00:00
18.00,2026-02-28T19:58:23.488333Z,0.4700,yes,KXKHAMENEIOUT-AKHA-26JUL01,f8da54da-e969-44c1-9fad-25b5da3c79e1,0.5300,2026-02-28 19:58:23.488333+00:00
442.00,2026-02-28T19:58:23.468731Z,0.4700,yes,KXKHAMENEIOUT-AKHA-26JUL01,bbd40cc3-9ba5-5da5-4a98-b897c4b40b89,0.5300,2026-02-28 19:58:23.468731+00:00
30.00,2026-02-28T19:58:23.468731Z,0.4800,yes,KXKHAMENEIOUT-AKHA-26JUL01,620cba89-202e-5c70-5764-a7412ad68949,0.5200,2026-02-28 19:58:23.468731+00:00
660.00,2026-02-28T19:58:22.362985Z,0.4900,yes,KXKHAMENEIOUT-AKHA-26JUL01,90b14f17-778d-55fd-f55b-482acb9810c6,0.5100,2026-02-28 19:58:22.362985+00:00
168.00,2026-02-28T19:58:22.362985Z,0.4700,yes,KXKHAMENEIOUT-AKHA-26JUL01,8daa1cdb-aa52-5091-c3be-496d64a9d462,0.5300,2026-02-28 19:58:22.362985+00:00
504.00,2026-02-28T19:58:22.362985Z,0.4700,yes,KXKHAMENEIOUT-AKHA-26JUL01,5897e45a-cffd-5c45-f418-8e07e367accd,0.5300,2026-02-28 19:58:22.362985+00:00
25.00,2026-02-28T19:58:22.362985Z,0.4800,yes,KXKHAMENEIOUT-AKHA-26JUL01,3f19bcaf-bf18-5a7c-d33d-c1a3451b83c0,0.5200,2026-02-28 19:58:22.362985+00:00
5.00,2026-02-28T19:58:22.362985Z,0.4700,yes,KXKHAMENEIOUT-AKHA-26JUL01,2f96c52a-22aa-5ca7-d668-513852c18567,0.5300,2026-02-28 19:58:22.362985+00:00
47.00,2026-02-28T19:58:20.104029Z,0.4900,yes,KXKHAMENEIOUT-AKHA-26JUL01,e23d21c5-65f5-76fd-9d88-e89f03ac5cc2,0.5100,2026-02-28 19:58:20.104029+00:00
30.00,2026-02-28T19:58:18.648532Z,0.4900,no,KXKHAMENEIOUT-AKHA-26JUL01,a846e2a2-8b01-7df4-4edb-34105c36bc20,0.5100,2026-02-28 19:58:18.648532+00:00
11.00,2026-02-28T19:58:17.776848Z,0.4800,yes,KXKHAMENEIOUT-AKHA-26JUL01,cd03cbae-87bd-5b4b-9ef3-575fc38c93f5,0.5200,2026-02-28 19:58:17.776848+00:00
32.00,2026-02-28T19:58:17.776848Z,0.4700,yes,KXKHAMENEIOUT-AKHA-26JUL01,0563b641-ecfa-53cd-96df-e774eb9c9972,0.5300,2026-02-28 19:58:17.776848+00:00
18.00,2026-02-28T19:58:17.70368Z,0.4800,yes,KXKHAMENEIOUT-AKHA-26JUL01,8a4caa22-c301-7a77-c595-b69ccb2949c1,0.5200,2026-02-28 19:58:17.703680+00:00
1.00,2026-02-28T19:58:17.676435Z,0.4800,yes,KXKHAMENEIOUT-AKHA-26JUL01,0cabd4b2-5175-4dd3-5e1f-c485951fbf7d,0.5200,2026-02-28 19:58:17.676435+00:00
30.00,2026-02-28T19:58:16.850722Z,0.4900,no,KXKHAMENEIOUT-AKHA-26JUL01,cf60939c-bbbc-5483-85a6-9ecc1fe667cd,0.5100,2026-02-28 19:58:16.850722+00:00
18.00,2026-02-28T19:58:16.850722Z,0.4900,no,KXKHAMENEIOUT-AKHA-26JUL01,a844b0a1-fd30-57ff-9a40-f11bdaf9feb2,0.5100,2026-02-28 19:58:16.850722+00:00
9.00,2026-02-28T19:58:16.850722Z,0.4800,no,KXKHAMENEIOUT-AKHA-26JUL01,21242565-d30f-538c-8f67-79e2e987b87e,0.5200,2026-02-28 19:58:16.850722+00:00
75.00,2026-02-28T19:58:16.850722Z,0.5000,no,KXKHAMENEIOUT-AKHA-26JUL01,14203103-8fd8-5665-896d-48862cf92ced,0.5000,2026-02-28 19:58:16.850722+00:00
16.00,2026-02-28T19:58:16.850722Z,0.4800,no,KXKHAMENEIOUT-AKHA-26JUL01,0dcd9b9d-ed89-570b-aa94-e9ffb7dff8af,0.5200,2026-02-28 19:58:16.850722+00:00
17.00,2026-02-28T19:58:15.890276Z,0.4600,yes,KXKHAMENEIOUT-AKHA-26JUL01,75e30b4f-307f-722f-92e6-da5d13f7de31,0.5400,2026-02-28 19:58:15.890276+00:00
53.00,2026-02-28T19:58:15.138975Z,0.4600,yes,KXKHAMENEIOUT-AKHA-26JUL01,e3d9fdd7-98c7-57e7-9221-de345c9e56f5,0.5400,2026-02-28 19:58:15.138975+00:00
13.00,2026-02-28T19:58:14.935432Z,0.4600,yes,KXKHAMENEIOUT-AKHA-26JUL01,f621af5d-0726-408a-a2a5-44439030200f,0.5400,2026-02-28 19:58:14.935432+00:00
22.00,2026-02-28T19:58:14.935432Z,0.4600,yes,KXKHAMENEIOUT-AKHA-26JUL01,3429d4c5-ac1b-4603-a602-2d8c08543275,0.5400,2026-02-28 19:58:14.935432+00:00
9.00,2026-02-28T19:58:12.664802Z,0.4800,no,KXKHAMENEIOUT-AKHA-26JUL01,2efa6631-bb89-726b-3cf8-3d5a62880027,0.5200,2026-02-28 19:58:12.664802+00:00
53.00,2026-02-28T19:58:11.905609Z,0.4600,yes,KXKHAMENEIOUT-AKHA-26JUL01,c2d7ae43-dc12-5d92-3a7d-8fe30851a787,0.5400,2026-02-28 19:58:11.905609+00:00
61.00,2026-02-28T19:58:11.845737Z,0.4600,yes,KXKHAMENEIOUT-AKHA-26JUL01,c4d5758c-61b2-79d6-c893-bc75da7f941b,0.5400,2026-02-28 19:58:11.845737+00:00
149.00,2026-02-28T19:58:10.835282Z,0.4600,yes,KXKHAMENEIOUT-AKHA-26JUL01,875b4326-79de-4546-91c5-db7fea9c2edb,0.5400,2026-02-28 19:58:10.835282+00:00
30.00,2026-02-28T19:58:10.835282Z,0.4700,yes,KXKHAMENEIOUT-AKHA-26JUL01,37336603-13fa-485f-84d0-efacfbb0824d,0.5300,2026-02-28 19:58:10.835282+00:00
451.00,2026-02-28T19:58:10.502615Z,0.5000,no,KXKHAMENEIOUT-AKHA-26JUL01,d3766eb9-074c-5649-619d-47d12d9f366d,0.5000,2026-02-28 19:58:10.502615+00:00
30.00,2026-02-28T19:58:10.502615Z,0.4900,no,KXKHAMENEIOUT-AKHA-26JUL01,7ab6c5c4-66e1-5416-5c40-518d465d90e4,0.5100,2026-02-28 19:58:10.502615+00:00
5.00,2026-02-28T19:58:10.502615Z,0.4900,no,KXKHAMENEIOUT-AKHA-26JUL01,11658bb9-eadc-535e-7e4a-4ce7831c945b,0.5100,2026-02-28 19:58:10.502615+00:00
179.00,2026-02-28T19:58:09.532746Z,0.4600,yes,KXKHAMENEIOUT-AKHA-26JUL01,1f629be8-464a-6dfe-5fd9-a08ba372047f,0.5400,2026-02-28 19:58:09.532746+00:00
20.00,2026-02-28T19:58:09.208619Z,0.4600,yes,KXKHAMENEIOUT-AKHA-26JUL01,a2019b82-d022-5e16-8835-32f852e2141f,0.5400,2026-02-28 19:58:09.208619+00:00
25.00,2026-02-28T19:58:08.707587Z,0.4700,yes,KXKHAMENEIOUT-AKHA-26JUL01,d04a75d7-a518-739b-5d5c-85f4d69d8c2d,0.5300,2026-02-28 19:58:08.707587+00:00
154.00,2026-02-28T19:58:08.707587Z,0.4600,yes,KXKHAMENEIOUT-AKHA-26JUL01,c55d9bea-9742-7e26-539a-fd14551249f7,0.5400,2026-02-28 19:58:08.707587+00:00
179.00,2026-02-28T19:58:06.546903Z,0.4600,yes,KXKHAMENEIOUT-AKHA-26JUL01,ff2af221-d35e-5742-33cc-2782ca43c47f,0.5400,2026-02-28 19:58:06.546903+00:00
89.00,2026-02-28T19:58:03.780068Z,0.4600,yes,KXKHAMENEIOUT-AKHA-26JUL01,3276df3d-2caa-4ff2-c0da-fd35aeaa1203,0.5400,2026-02-28 19:58:03.780068+00:00
6.00,2026-02-28T19:57:58.223429Z,0.4600,yes,KXKHAMENEIOUT-AKHA-26JUL01,89feb5a9-691a-6b1e-3d11-9723f1e5bd03,0.5400,2026-02-28 19:57:58.223429+00:00
2.00,2026-02-28T19:57:58.223429Z,0.4700,yes,KXKHAMENEIOUT-AKHA-26JUL01,70163057-48c6-6b2f-1ca2-68240bb8b97f,0.5300,2026-02-28 19:57:58.223429+00:00
25.00,2026-02-28T19:57:57.536173Z,0.4700,no,KXKHAMENEIOUT-AKHA-26JUL01,b0b5792f-f18e-5a44-5059-763ebd42a4ea,0.5300,2026-02-28 19:57:57.536173+00:00
2.00,2026-02-28T19:57:57.536173Z,0.5000,no,KXKHAMENEIOUT-AKHA-26JUL01,b072500d-b251-5f06-41a8-53ff3fa33b58,0.5000,2026-02-28 19:57:57.536173+00:00
84.00,2026-02-28T19:57:54.538021Z,0.4600,yes,KXKHAMENEIOUT-AKHA-26JUL01,b6159cc1-bd6a-7c52-34b2-0fda44b880f7,0.5400,2026-02-28 19:57:54.538021+00:00
25.00,2026-02-28T19:57:53.12619Z,0.4800,no,KXKHAMENEIOUT-AKHA-26JUL01,6f75deb0-4d76-5a1c-0450-e82bf145cfad,0.5200,2026-02-28 19:57:53.126190+00:00
2.00,2026-02-28T19:57:53.12619Z,0.4900,no,KXKHAMENEIOUT-AKHA-26JUL01,4ce001ab-64c8-58a2-2ddc-e469535aa228,0.5100,2026-02-28 19:57:53.126190+00:00
358.00,2026-02-28T19:57:52.92552Z,0.4600,yes,KXKHAMENEIOUT-AKHA-26JUL01,b8f7ea88-5152-7b82-70d5-7712e5d6278f,0.5400,2026-02-28 19:57:52.925520+00:00
40.00,2026-02-28T19:57:52.631836Z,0.4600,yes,KXKHAMENEIOUT-AKHA-26JUL01,97c3cce3-32e6-515e-1826-bb1dc7adc257,0.5400,2026-02-28 19:57:52.631836+00:00
6.00,2026-02-28T19:57:51.63232Z,0.4600,yes,KXKHAMENEIOUT-AKHA-26JUL01,ace2d790-afc2-669e-72a1-449d48c2e763,0.5400,2026-02-28 19:57:51.632320+00:00
25.00,2026-02-28T19:57:51.364328Z,0.4700,yes,KXKHAMENEIOUT-AKHA-26JUL01,e20cedab-ff5c-721a-385b-0a210ee84a8c,0.5300,2026-02-28 19:57:51.364328+00:00
154.00,2026-02-28T19:57:51.364328Z,0.4600,yes,KXKHAMENEIOUT-AKHA-26JUL01,6578a84a-655a-79e6-057f-f85652dd97db,0.5400,2026-02-28 19:57:51.364328+00:00
1000.00,2026-02-28T19:57:49.423069Z,0.4600,yes,KXKHAMENEIOUT-AKHA-26JUL01,a51a2b64-f992-7616-73eb-69e0ec79af77,0.5400,2026-02-28 19:57:49.423069+00:00
895.00,2026-02-28T19:57:47.254387Z,0.4600,yes,KXKHAMENEIOUT-AKHA-26JUL01,bbfb310d-8a8a-7f06-6ee0-711c8d234f83,0.5400,2026-02-28 19:57:47.254387+00:00
2028.00,2026-02-28T19:57:46.80817Z,0.4600,yes,KXKHAMENEIOUT-AKHA-26JUL01,e04f5fd8-cc50-5818-fe32-8487f0f2f5c1,0.5400,2026-02-28 19:57:46.808170+00:00
1560.00,2026-02-28T19:57:46.80817Z,0.4600,yes,KXKHAMENEIOUT-AKHA-26JUL01,2082b19e-e16a-57b6-f9f4-10c810530f87,0.5400,2026-02-28 19:57:46.808170+00:00
10.00,2026-02-28T19:57:45.977425Z,0.4800,yes,KXKHAMENEIOUT-AKHA-26JUL01,2dce8a1d-5a24-6160-d5ba-bab23b89b272,0.5200,2026-02-28 19:57:45.977425+00:00
8.00,2026-02-28T19:57:45.977425Z,0.4600,yes,KXKHAMENEIOUT-AKHA-26JUL01,00bf1bc8-54b4-6938-d703-c379e788e621,0.5400,2026-02-28 19:57:45.977425+00:00
5.00,2026-02-28T19:57:44.661789Z,0.4700,yes,KXKHAMENEIOUT-AKHA-26JUL01,6faf312a-ecad-4b26-5bc3-0aad37c5901b,0.5300,2026-02-28 19:57:44.661789+00:00
658.00,2026-02-28T19:57:44.661789Z,0.4600,yes,KXKHAMENEIOUT-AKHA-26JUL01,4bc96c28-f0f0-49c8-6886-40f8b3872129,0.5400,2026-02-28 19:57:44.661789+00:00
153.00,2026-02-28T19:57:42.770589Z,0.4600,yes,KXKHAMENEIOUT-AKHA-26JUL01,c59db4c4-60c0-56d8-3ff8-0be3a93548e5,0.5400,2026-02-28 19:57:42.770589+00:00
15.00,2026-02-28T19:57:42.770589Z,0.4800,yes,KXKHAMENEIOUT-AKHA-26JUL01,6f1e0be6-9f61-50f6-13ca-0f9b016c20de,0.5200,2026-02-28 19:57:42.770589+00:00
12.00,2026-02-28T19:57:42.770589Z,0.4700,yes,KXKHAMENEIOUT-AKHA-26JUL01,24d01422-1cf1-5f7c-02ce-f33ca23f18d3,0.5300,2026-02-28 19:57:42.770589+00:00
10.00,2026-02-28T19:57:40.95821Z,0.4800,yes,KXKHAMENEIOUT-AKHA-26JUL01,66bead38-f52d-441a-9e53-55cbe1ac2b7a,0.5200,2026-02-28 19:57:40.958210+00:00
18.00,2026-02-28T19:57:39.166999Z,0.4700,yes,KXKHAMENEIOUT-AKHA-26JUL01,3a9cb6d3-e20d-5ad4-5305-d41ecf986377,0.5300,2026-02-28 19:57:39.166999+00:00
119.00,2026-02-28T19:57:36.329142Z,0.4700,no,KXKHAMENEIOUT-AKHA-26JUL01,b5ab6235-fff2-792f-a12c-c088146e7143,0.5300,2026-02-28 19:57:36.329142+00:00
30.00,2026-02-28T19:57:36.329142Z,0.4700,no,KXKHAMENEIOUT-AKHA-26JUL01,9f5a2ca9-da68-771b-80a9-b62f05530d42,0.5300,2026-02-28 19:57:36.329142+00:00
38.00,2026-02-28T19:57:36.329142Z,0.5000,no,KXKHAMENEIOUT-AKHA-26JUL01,7bcc0184-6dc9-744f-b779-c2fe8e47bd28,0.5000,2026-02-28 19:57:36.329142+00:00
330.00,2026-02-28T19:57:36.329142Z,0.5100,no,KXKHAMENEIOUT-AKHA-26JUL01,30a63393-efa9-7a7a-bb49-f3f93db209ac,0.4900,2026-02-28 19:57:36.329142+00:00
35.00,2026-02-28T19:57:36.024758Z,0.4600,yes,KXKHAMENEIOUT-AKHA-26JUL01,f4bcc984-3624-56a4-ab10-7835579b373d,0.5400,2026-02-28 19:57:36.024758+00:00
35.00,2026-02-28T19:57:35.797413Z,0.4600,yes,KXKHAMENEIOUT-AKHA-26JUL01,d1eff793-ae98-7414-ebbb-0b9222f04b81,0.5400,2026-02-28 19:57:35.797413+00:00
46.00,2026-02-28T19:57:35.377964Z,0.4700,no,KXKHAMENEIOUT-AKHA-26JUL01,16ad0951-0e8a-71db-3539-1d8583e8af7b,0.5300,2026-02-28 19:57:35.377964+00:00
55.00,2026-02-28T19:57:33.107641Z,0.4700,yes,KXKHAMENEIOUT-AKHA-26JUL01,f84eef29-9f8c-71c0-56f6-b7d4593bc103,0.5300,2026-02-28 19:57:33.107641+00:00
30.00,2026-02-28T19:57:33.107641Z,0.4700,yes,KXKHAMENEIOUT-AKHA-26JUL01,89adb275-01dc-79cd-4548-00b5a84e7304,0.5300,2026-02-28 19:57:33.107641+00:00
35.00,2026-02-28T19:57:32.352262Z,0.4600,yes,KXKHAMENEIOUT-AKHA-26JUL01,2ccb7b48-df50-5668-86cb-f57864036b55,0.5400,2026-02-28 19:57:32.352262+00:00
85.00,2026-02-28T19:57:32.166027Z,0.5100,no,KXKHAMENEIOUT-AKHA-26JUL01,fd2470c3-4ac0-4e8b-f93c-e1f8b076cc6a,0.4900,2026-02-28 19:57:32.166027+00:00
59.00,2026-02-28T19:57:32.166027Z,0.4800,no,KXKHAMENEIOUT-AKHA-26JUL01,f6058f77-cbe4-422f-f522-482a4fe556db,0.5200,2026-02-28 19:57:32.166027+00:00
1210.00,2026-02-28T19:57:32.166027Z,0.4900,no,KXKHAMENEIOUT-AKHA-26JUL01,af8cc5bd-b298-4d52-f479-e00522302dbf,0.5100,2026-02-28 19:57:32.166027+00:00
10.00,2026-02-28T19:57:32.166027Z,0.4700,no,KXKHAMENEIOUT-AKHA-26JUL01,8a9e9142-4aa1-444e-ca8d-8b2d60d3872e,0.5300,2026-02-28 19:57:32.166027+00:00
50.00,2026-02-28T19:57:32.166027Z,0.4800,no,KXKHAMENEIOUT-AKHA-26JUL01,8777af2d-ecbe-43b2-ce8d-9aa225852167,0.5200,2026-02-28 19:57:32.166027+00:00
25.00,2026-02-28T19:57:32.166027Z,0.4700,no,KXKHAMENEIOUT-AKHA-26JUL01,6c906ac6-eded-4ad6-eb24-a4dee9c743c3,0.5300,2026-02-28 19:57:32.166027+00:00
1000.00,2026-02-28T19:57:32.166027Z,0.5000,no,KXKHAMENEIOUT-AKHA-26JUL01,6455ee66-2ffc-4810-d9f6-4ed43dfa8dad,0.5000,2026-02-28 19:57:32.166027+00:00
2104.00,2026-02-28T19:57:32.166027Z,0.5100,no,KXKHAMENEIOUT-AKHA-26JUL01,519f73e7-7d39-4ba6-f832-fda1ad59d948,0.4900,2026-02-28 19:57:32.166027+00:00
20.00,2026-02-28T19:57:32.166027Z,0.4900,no,KXKHAMENEIOUT-AKHA-26JUL01,496b0515-7f33-4be5-c0d2-9ac41db04b6f,0.5100,2026-02-28 19:57:32.166027+00:00
200.00,2026-02-28T19:57:32.166027Z,0.5000,no,KXKHAMENEIOUT-AKHA-26JUL01,480400ee-a7a1-4fed-d461-27999ef089ea,0.5000,2026-02-28 19:57:32.166027+00:00
5.00,2026-02-28T19:57:32.166027Z,0.4900,no,KXKHAMENEIOUT-AKHA-26JUL01,34fc74bf-4e62-4acc-ff94-a273110d4e53,0.5100,2026-02-28 19:57:32.166027+00:00
115.00,2026-02-28T19:57:32.166027Z,0.5100,no,KXKHAMENEIOUT-AKHA-26JUL01,34b7d6a9-6f21-4554-f7f7-cba5d441f590,0.4900,2026-02-28 19:57:32.166027+00:00
46.00,2026-02-28T19:57:32.166027Z,0.5000,no,KXKHAMENEIOUT-AKHA-26JUL01,24f1c4c2-29ad-4f61-f34c-6974f42c4d07,0.5000,2026-02-28 19:57:32.166027+00:00
655.00,2026-02-28T19:57:32.166027Z,0.5100,no,KXKHAMENEIOUT-AKHA-26JUL01,23e90ff5-1bb4-48a5-ee49-9975adc7d41a,0.4900,2026-02-28 19:57:32.166027+00:00
454.00,2026-02-28T19:57:32.116871Z,0.4600,yes,KXKHAMENEIOUT-AKHA-26JUL01,ec9aaee4-b978-5a5c-d837-be1677667879,0.5400,2026-02-28 19:57:32.116871+00:00
44.00,2026-02-28T19:57:31.821879Z,0.4600,yes,KXKHAMENEIOUT-AKHA-26JUL01,1bdbcff6-e228-6d24-8e09-7da272f570b1,0.5400,2026-02-28 19:57:31.821879+00:00
89.00,2026-02-28T19:57:30.611227Z,0.4600,yes,KXKHAMENEIOUT-AKHA-26JUL01,e7d8e514-ec00-5158-a142-89cbdaf83375,0.5400,2026-02-28 19:57:30.611227+00:00
17.00,2026-02-28T19:57:25.837422Z,0.4600,yes,KXKHAMENEIOUT-AKHA-26JUL01,876b997b-14a0-68cc-3418-66ae8a46a68d,0.5400,2026-02-28 19:57:25.837422+00:00
35.00,2026-02-28T19:57:22.441853Z,0.4600,yes,KXKHAMENEIOUT-AKHA-26JUL01,5204f5ce-64c8-55d4-761e-87e7894c566d,0.5400,2026-02-28 19:57:22.441853+00:00
17.00,2026-02-28T19:57:22.013363Z,0.4600,yes,KXKHAMENEIOUT-AKHA-26JUL01,c284b86a-9754-7f8c-0db0-c71a93a6a8b9,0.5400,2026-02-28 19:57:22.013363+00:00
32.00,2026-02-28T19:57:21.731181Z,0.4600,yes,KXKHAMENEIOUT-AKHA-26JUL01,7c77f842-ae74-706c-f55e-5c81a274a139,0.5400,2026-02-28 19:57:21.731181+00:00
100.00,2026-02-28T19:57:20.98319Z,0.4600,yes,KXKHAMENEIOUT-AKHA-26JUL01,b58a7539-ddc4-6264-74ad-a3c6ac84a1ad,0.5400,2026-02-28 19:57:20.983190+00:00
39.00,2026-02-28T19:57:17.151107Z,0.4600,yes,KXKHAMENEIOUT-AKHA-26JUL01,827cbcef-23ac-6d54-9a09-649fb43c93f1,0.5400,2026-02-28 19:57:17.151107+00:00
179.00,2026-02-28T19:57:15.347392Z,0.4600,yes,KXKHAMENEIOUT-AKHA-26JUL01,64308916-a3f4-633c-de77-59f60d08fb55,0.5400,2026-02-28 19:57:15.347392+00:00
1249.00,2026-02-28T19:57:12.42628Z,0.4600,yes,KXKHAMENEIOUT-AKHA-26JUL01,3db14e14-b146-73f4-1555-5a89f5c67444,0.5400,2026-02-28 19:57:12.426280+00:00
383.00,2026-02-28T19:57:12.42628Z,0.4600,yes,KXKHAMENEIOUT-AKHA-26JUL01,2b7ce258-4c48-7df0-0e1c-5a2f5463fb81,0.5400,2026-02-28 19:57:12.426280+00:00
25.00,2026-02-28T19:57:11.058043Z,0.4700,yes,KXKHAMENEIOUT-AKHA-26JUL01,9d6f68ea-e57e-4a64-a47b-12b0deffc4fd,0.5300,2026-02-28 19:57:11.058043+00:00
1750.00,2026-02-28T19:57:11.058043Z,0.4700,yes,KXKHAMENEIOUT-AKHA-26JUL01,319490e6-0ae6-468c-9ab6-0d364816efcb,0.5300,2026-02-28 19:57:11.058043+00:00
18.00,2026-02-28T19:57:10.864937Z,0.4700,yes,KXKHAMENEIOUT-AKHA-26JUL01,4bc4d980-a032-5058-08f3-5ecc19d3b3d3,0.5300,2026-02-28 19:57:10.864937+00:00
48.00,2026-02-28T19:57:10.783251Z,0.4800,no,KXKHAMENEIOUT-AKHA-26JUL01,33d062d9-c910-7d1b-a2af-2e8e59c343b7,0.5200,2026-02-28 19:57:10.783251+00:00
92.00,2026-02-28T19:57:09.762643Z,0.4700,yes,KXKHAMENEIOUT-AKHA-26JUL01,f0ea8303-8496-7b48-1896-09b1cb22c56f,0.5300,2026-02-28 19:57:09.762643+00:00
1.00,2026-02-28T19:57:09.580831Z,0.4700,yes,KXKHAMENEIOUT-AKHA-26JUL01,634bcede-312e-54b8-3fcb-f3727645466b,0.5300,2026-02-28 19:57:09.580831+00:00
18.00,2026-02-28T19:57:05.093102Z,0.4700,yes,KXKHAMENEIOUT-AKHA-26JUL01,e82bdd14-78de-7d3c-da2d-a0497c236627,0.5300,2026-02-28 19:57:05.093102+00:00
91.00,2026-02-28T19:57:00.836686Z,0.4700,yes,KXKHAMENEIOUT-AKHA-26JUL01,d5731b23-573e-6b38-77ea-8a9ec5f07f47,0.5300,2026-02-28 19:57:00.836686+00:00
5.00,2026-02-28T19:57:00.278401Z,0.4700,yes,KXKHAMENEIOUT-AKHA-26JUL01,ba49237c-2b0a-7890-086a-fe6aa67bc073,0.5300,2026-02-28 19:57:00.278401+00:00
25.00,2026-02-28T19:56:55.627459Z,0.4700,no,KXKHAMENEIOUT-AKHA-26JUL01,6a23f7a3-c909-66ec-3d22-28bcab80a1a8,0.5300,2026-02-28 19:56:55.627459+00:00
450.00,2026-02-28T19:56:53.387863Z,0.4600,yes,KXKHAMENEIOUT-AKHA-26JUL01,48f50fb1-2cda-7294-95fc-9543ab77f580,0.5400,2026-02-28 19:56:53.387863+00:00
35.00,2026-02-28T19:56:52.282621Z,0.4600,yes,KXKHAMENEIOUT-AKHA-26JUL01,f8fee77c-6eee-4740-15e6-d93b3a740bf4,0.5400,2026-02-28 19:56:52.282621+00:00
179.00,2026-02-28T19:56:52.132803Z,0.4600,yes,KXKHAMENEIOUT-AKHA-26JUL01,13fc2f9a-f1d6-5b84-91bf-d25470a87ea0,0.5400,2026-02-28 19:56:52.132803+00:00
44.00,2026-02-28T19:56:51.426116Z,0.4600,yes,KXKHAMENEIOUT-AKHA-26JUL01,33d65060-82da-5be8-3e97-cbccb21ada84,0.5400,2026-02-28 19:56:51.426116+00:00
24.00,2026-02-28T19:56:48.638387Z,0.4600,yes,KXKHAMENEIOUT-AKHA-26JUL01,937c3503-85ce-453c-463a-e34c8518edf4,0.5400,2026-02-28 19:56:48.638387+00:00
5.00,2026-02-28T19:56:45.177572Z,0.4800,no,KXKHAMENEIOUT-AKHA-26JUL01,2f47f403-13b8-7aeb-7b47-3c782ab24fe7,0.5200,2026-02-28 19:56:45.177572+00:00
35.00,2026-02-28T19:56:44.891848Z,0.4600,yes,KXKHAMENEIOUT-AKHA-26JUL01,a9edaa8f-ef12-7e0c-acd1-4ad5209cf7ec,0.5400,2026-02-28 19:56:44.891848+00:00
25.00,2026-02-28T19:56:44.092763Z,0.4700,no,KXKHAMENEIOUT-AKHA-26JUL01,90e0ca48-c7ee-70aa-4a3a-b523a9aa6bae,0.5300,2026-02-28 19:56:44.092763+00:00
888.00,2026-02-28T19:56:44.092763Z,0.4800,no,KXKHAMENEIOUT-AKHA-26JUL01,5f577795-9194-7633-513f-8ad315a4b7a3,0.5200,2026-02-28 19:56:44.092763+00:00
44.00,2026-02-28T19:56:40.027296Z,0.4600,yes,KXKHAMENEIOUT-AKHA-26JUL01,6c30d904-30ca-6a04-78ba-72a539f0ba90,0.5400,2026-02-28 19:56:40.027296+00:00
53.00,2026-02-28T19:56:39.740655Z,0.4600,yes,KXKHAMENEIOUT-AKHA-26JUL01,e78dbcaa-94aa-448c-74bc-3735d3aa2cec,0.5400,2026-02-28 19:56:39.740655+00:00
269.00,2026-02-28T19:56:38.882333Z,0.4600,yes,KXKHAMENEIOUT-AKHA-26JUL01,d3ff1e0b-c0de-4b14-9033-9f474d9fa530,0.5400,2026-02-28 19:56:38.882333+00:00
448.00,2026-02-28T19:56:34.744006Z,0.4600,yes,KXKHAMENEIOUT-AKHA-26JUL01,39ba18c6-35e6-7b04-8bfe-b6277294d00c,0.5400,2026-02-28 19:56:34.744006+00:00
3.00,2026-02-28T19:56:34.068828Z,0.4600,yes,KXKHAMENEIOUT-AKHA-26JUL01,20e80c7a-3df6-5760-7f8d-d24910042be4,0.5400,2026-02-28 19:56:34.068828+00:00
5.00,2026-02-28T19:56:32.017528Z,0.4600,yes,KXKHAMENEIOUT-AKHA-26JUL01,c453ed84-0352-5344-c9ca-49098a70b9a4,0.5400,2026-02-28 19:56:32.017528+00:00
1.00,2026-02-28T19:56:31.524582Z,0.4600,yes,KXKHAMENEIOUT-AKHA-26JUL01,40c61673-4b9a-42ac-ea22-4e4856269764,0.5400,2026-02-28 19:56:31.524582+00:00
17.00,2026-02-28T19:56:31.506856Z,0.4600,yes,KXKHAMENEIOUT-AKHA-26JUL01,564ae320-88ae-5a70-2d1d-a07cd9733e14,0.5400,2026-02-28 19:56:31.506856+00:00
358.00,2026-02-28T19:56:30.306817Z,0.4600,yes,KXKHAMENEIOUT-AKHA-26JUL01,11304aca-c1da-7120-17fa-9c330721af58,0.5400,2026-02-28 19:56:30.306817+00:00
56.00,2026-02-28T19:56:25.847813Z,0.4700,yes,KXKHAMENEIOUT-AKHA-26JUL01,dadf8080-cde4-7dd1-353c-52f3afa0ef68,0.5300,2026-02-28 19:56:25.847813+00:00
32.00,2026-02-28T19:56:25.847813Z,0.4700,yes,KXKHAMENEIOUT-AKHA-26JUL01,b6c38ee6-66fb-7404-28d1-56d068eb5fed,0.5300,2026-02-28 19:56:25.847813+00:00
412.00,2026-02-28T19:56:25.847813Z,0.4600,yes,KXKHAMENEIOUT-AKHA-26JUL01,a2c70d84-f722-72b4-250b-2c43181376d0,0.5400,2026-02-28 19:56:25.847813+00:00
18.00,2026-02-28T19:56:23.900958Z,0.4700,yes,KXKHAMENEIOUT-AKHA-26JUL01,34c325a8-c85b-6774-cc54-e4fa3e93b0f1,0.5300,2026-02-28 19:56:23.900958+00:00
91.00,2026-02-28T19:56:22.982857Z,0.4700,yes,KXKHAMENEIOUT-AKHA-26JUL01,77fde974-5bdb-40c0-2ef8-cb9ff1c40531,0.5300,2026-02-28 19:56:22.982857+00:00
109.00,2026-02-28T19:56:20.527652Z,0.4700,yes,KXKHAMENEIOUT-AKHA-26JUL01,e984791d-3e07-7014-4e87-09487a39acfd,0.5300,2026-02-28 19:56:20.527652+00:00
91.00,2026-02-28T19:56:19.295954Z,0.4700,yes,KXKHAMENEIOUT-AKHA-26JUL01,913e9aa6-3ce3-6ed4-ded5-f4b9958c3f81,0.5300,2026-02-28 19:56:19.295954+00:00
10.00,2026-02-28T19:56:19.292301Z,0.4700,yes,KXKHAMENEIOUT-AKHA-26JUL01,360a2604-413f-7ab4-b377-75d7bd3a2c19,0.5300,2026-02-28 19:56:19.292301+00:00
18.00,2026-02-28T19:56:16.548666Z,0.4700,yes,KXKHAMENEIOUT-AKHA-26JUL01,9df01bef-8757-5ce8-5289-4720030a7f15,0.5300,2026-02-28 19:56:16.548666+00:00
10.00,2026-02-28T19:56:15.075736Z,0.4700,yes,KXKHAMENEIOUT-AKHA-26JUL01,79df202c-0293-43a0-0689-109e932dd8e9,0.5300,2026-02-28 19:56:15.075736+00:00
9.00,2026-02-28T19:56:13.464425Z,0.4700,yes,KXKHAMENEIOUT-AKHA-26JUL01,13129769-f13b-79c4-d79f-aa97c45e2639,0.5300,2026-02-28 19:56:13.464425+00:00
45.00,2026-02-28T19:56:08.16287Z,0.4700,yes,KXKHAMENEIOUT-AKHA-26JUL01,3b23cd48-db13-4e08-e781-7f9dfdbb42d5,0.5300,2026-02-28 19:56:08.162870+00:00
17.00,2026-02-28T19:56:05.451165Z,0.4700,yes,KXKHAMENEIOUT-AKHA-26JUL01,749c6cf2-23c3-66f1-849a-7cd6113aaa5d,0.5300,2026-02-28 19:56:05.451165+00:00
521.00,2026-02-28T19:56:05.451165Z,0.4600,yes,KXKHAMENEIOUT-AKHA-26JUL01,66735326-d592-6984-819e-6cbfbe882a84,0.5400,2026-02-28 19:56:05.451165+00:00
8.00,2026-02-28T19:56:04.063974Z,0.4700,yes,KXKHAMENEIOUT-AKHA-26JUL01,42acf1df-b5a7-6ebd-bf27-13d1e821b701,0.5300,2026-02-28 19:56:04.063974+00:00
853.00,2026-02-28T19:56:02.517002Z,0.4600,yes,KXKHAMENEIOUT-AKHA-26JUL01,4f486df3-7592-6344-1104-78eabf5c7d24,0.5400,2026-02-28 19:56:02.517002+00:00
5.00,2026-02-28T19:56:02.517002Z,0.4700,yes,KXKHAMENEIOUT-AKHA-26JUL01,14d430d9-b04a-6ca6-1b2c-5053d4cc7f37,0.5300,2026-02-28 19:56:02.517002+00:00
42.00,2026-02-28T19:56:02.517002Z,0.4600,yes,KXKHAMENEIOUT-AKHA-26JUL01,0c9d0a04-abb0-6c70-3019-46033c40526a,0.5400,2026-02-28 19:56:02.517002+00:00
910.00,2026-02-28T19:56:02.517002Z,0.4700,yes,KXKHAMENEIOUT-AKHA-26JUL01,0623f9b2-9eac-635f-32d8-7e93df28e6f9,0.5300,2026-02-28 19:56:02.517002+00:00
9.00,2026-02-28T19:56:01.622835Z,0.4700,yes,KXKHAMENEIOUT-AKHA-26JUL01,834a9712-f390-69eb-39d0-e5dc725b86f5,0.5300,2026-02-28 19:56:01.622835+00:00
69.00,2026-02-28T19:55:59.853639Z,0.4700,yes,KXKHAMENEIOUT-AKHA-26JUL01,b9fb3a8c-3e5c-4937-0ce4-88f367a74afd,0.5300,2026-02-28 19:55:59.853639+00:00
272.00,2026-02-28T19:55:59.495175Z,0.4700,yes,KXKHAMENEIOUT-AKHA-26JUL01,7280d3eb-ef50-7b73-b111-2f4dc1bf6385,0.5300,2026-02-28 19:55:59.495175+00:00
18.00,2026-02-28T19:55:59.423377Z,0.4700,yes,KXKHAMENEIOUT-AKHA-26JUL01,7d588bc3-dda4-6d6f-abc6-91adc5f79835,0.5300,2026-02-28 19:55:59.423377+00:00
35.00,2026-02-28T19:55:59.095415Z,0.4700,yes,KXKHAMENEIOUT-AKHA-26JUL01,29856ecb-0fd8-6507-78f2-d8794aa9f861,0.5300,2026-02-28 19:55:59.095415+00:00
10.00,2026-02-28T19:55:59.095415Z,0.4800,yes,KXKHAMENEIOUT-AKHA-26JUL01,125cd27d-269e-653b-6a17-fb333dcd68a6,0.5200,2026-02-28 19:55:59.095415+00:00
11.00,2026-02-28T19:55:58.282104Z,0.4800,no,KXKHAMENEIOUT-AKHA-26JUL01,d083c8f4-7a8f-4db5-3833-eb163a27690a,0.5200,2026-02-28 19:55:58.282104+00:00
10.00,2026-02-28T19:55:58.282104Z,0.4900,no,KXKHAMENEIOUT-AKHA-26JUL01,669b0eae-3fe1-4024-2c10-4df67e01df79,0.5100,2026-02-28 19:55:58.282104+00:00
13.00,2026-02-28T19:55:58.282104Z,0.4800,no,KXKHAMENEIOUT-AKHA-26JUL01,27a661c6-58f9-4dc7-1f56-50eb0b08a4c4,0.5200,2026-02-28 19:55:58.282104+00:00
1.00,2026-02-28T19:55:58.282104Z,0.4800,no,KXKHAMENEIOUT-AKHA-26JUL01,1ee13df3-290c-4e2b-2658-da1b3111f49a,0.5200,2026-02-28 19:55:58.282104+00:00
430.00,2026-02-28T19:55:58.282104Z,0.5000,no,KXKHAMENEIOUT-AKHA-26JUL01,18f5ff85-5dbf-4542-372b-0472be9225cb,0.5000,2026-02-28 19:55:58.282104+00:00
913.00,2026-02-28T19:55:57.137573Z,0.4700,yes,KXKHAMENEIOUT-AKHA-26JUL01,b26ec138-58d4-49cb-548d-b19361c6233d,0.5300,2026-02-28 19:55:57.137573+00:00
36.00,2026-02-28T19:55:57.077788Z,0.4700,yes,KXKHAMENEIOUT-AKHA-26JUL01,f10256ef-1bf4-7f33-0c1c-d2a357363861,0.5300,2026-02-28 19:55:57.077788+00:00
13.00,2026-02-28T19:55:55.228428Z,0.4800,no,KXKHAMENEIOUT-AKHA-26JUL01,b5773663-d6bf-4fad-eec5-f3ecd207e9f2,0.5200,2026-02-28 19:55:55.228428+00:00
913.00,2026-02-28T19:55:49.646785Z,0.4700,yes,KXKHAMENEIOUT-AKHA-26JUL01,98c338b3-31e4-4d37-f9ee-8a380b7b70f9,0.5300,2026-02-28 19:55:49.646785+00:00
9.00,2026-02-28T19:55:44.183471Z,0.4700,yes,KXKHAMENEIOUT-AKHA-26JUL01,04b1a95b-a15c-4587-fb5d-93d753dd1d51,0.5300,2026-02-28 19:55:44.183471+00:00
36.00,2026-02-28T19:55:43.876051Z,0.4700,yes,KXKHAMENEIOUT-AKHA-26JUL01,6b030798-9914-77d3-bcf7-d492e2566075,0.5300,2026-02-28 19:55:43.876051+00:00
1.00,2026-02-28T19:55:43.173336Z,0.4800,no,KXKHAMENEIOUT-AKHA-26JUL01,c1559a75-2d2b-715d-76ed-1b1246f744ee,0.5200,2026-02-28 19:55:43.173336+00:00
1156.00,2026-02-28T19:55:41.990608Z,0.4700,yes,KXKHAMENEIOUT-AKHA-26JUL01,f5b024bd-5314-6957-5589-e36c19447131,0.5300,2026-02-28 19:55:41.990608+00:00
670.00,2026-02-28T19:55:41.990608Z,0.4700,yes,KXKHAMENEIOUT-AKHA-26JUL01,03b78b77-5d4d-6b6a-5e1c-492a97ecb97a,0.5300,2026-02-28 19:55:41.990608+00:00
9.00,2026-02-28T19:55:41.643284Z,0.4700,yes,KXKHAMENEIOUT-AKHA-26JUL01,16373e67-3a39-6e16-0815-fee3a7f49ffe,0.5300,2026-02-28 19:55:41.643284+00:00
73.00,2026-02-28T19:55:41.080637Z,0.4700,yes,KXKHAMENEIOUT-AKHA-26JUL01,09cf34e8-9619-73d6-a025-76bb57cd85c2,0.5300,2026-02-28 19:55:41.080637+00:00
45.00,2026-02-28T19:55:38.74316Z,0.4700,yes,KXKHAMENEIOUT-AKHA-26JUL01,dc521787-0715-4a92-2cea-6dd1ade2c3da,0.5300,2026-02-28 19:55:38.743160+00:00
35.00,2026-02-28T19:55:37.287504Z,0.4700,yes,KXKHAMENEIOUT-AKHA-26JUL01,968f8ccf-c305-789e-de69-98d1c79a304e,0.5300,2026-02-28 19:55:37.287504+00:00
913.00,2026-02-28T19:55:35.842358Z,0.4700,yes,KXKHAMENEIOUT-AKHA-26JUL01,918dbb9d-76f5-56ca-6822-c0eff7dd69b6,0.5300,2026-02-28 19:55:35.842358+00:00
29.00,2026-02-28T19:55:32.888626Z,0.4700,yes,KXKHAMENEIOUT-AKHA-26JUL01,fa56f1b1-2e69-4a86-af23-f1329a23719a,0.5300,2026-02-28 19:55:32.888626+00:00
7.00,2026-02-28T19:55:32.888626Z,0.4800,yes,KXKHAMENEIOUT-AKHA-26JUL01,10c47f3f-06cf-4121-bf9d-2341ed86ad0d,0.5200,2026-02-28 19:55:32.888626+00:00
7.00,2026-02-28T19:55:31.968961Z,0.4900,no,KXKHAMENEIOUT-AKHA-26JUL01,0400c068-36f5-674c-f947-bf7d8eefb8c9,0.5100,2026-02-28 19:55:31.968961+00:00
5.00,2026-02-28T19:55:30.76011Z,0.4700,yes,KXKHAMENEIOUT-AKHA-26JUL01,fb288e35-a711-65a6-3efc-9098090e28b6,0.5300,2026-02-28 19:55:30.760110+00:00
10.00,2026-02-28T19:55:30.001662Z,0.4800,yes,KXKHAMENEIOUT-AKHA-26JUL01,cd2a1797-64eb-48f7-364c-05c2cbdd2390,0.5200,2026-02-28 19:55:30.001662+00:00
39.00,2026-02-28T19:55:30.001662Z,0.4700,yes,KXKHAMENEIOUT-AKHA-26JUL01,b0edff39-e5e9-484e-33a6-677de3db600e,0.5300,2026-02-28 19:55:30.001662+00:00
913.00,2026-02-28T19:55:27.464505Z,0.4700,yes,KXKHAMENEIOUT-AKHA-26JUL01,87c47e0a-15a5-4122-32fb-79d4debb3bae,0.5300,2026-02-28 19:55:27.464505+00:00
3.00,2026-02-28T19:55:27.119949Z,0.5000,no,KXKHAMENEIOUT-AKHA-26JUL01,befc0bcb-ae0f-4f7e-37fc-d6051606f113,0.5000,2026-02-28 19:55:27.119949+00:00
10.00,2026-02-28T19:55:27.119949Z,0.5000,no,KXKHAMENEIOUT-AKHA-26JUL01,b117c119-bc84-4070-154f-1acf9b9660da,0.5000,2026-02-28 19:55:27.119949+00:00
5.00,2026-02-28T19:55:27.119949Z,0.5000,no,KXKHAMENEIOUT-AKHA-26JUL01,1794d45a-dea4-44d1-1912-5a1f0f55caa7,0.5000,2026-02-28 19:55:27.119949+00:00
182.00,2026-02-28T19:55:26.440559Z,0.4700,yes,KXKHAMENEIOUT-AKHA-26JUL01,dfa2b7b3-48e1-6cc6-1206-645d459cf1d2,0.5300,2026-02-28 19:55:26.440559+00:00
25.00,2026-02-28T19:55:25.260014Z,0.4900,yes,KXKHAMENEIOUT-AKHA-26JUL01,e1c8ce34-d5a9-76a7-9621-b3f807a94ddc,0.5100,2026-02-28 19:55:25.260014+00:00
11.00,2026-02-28T19:55:25.260014Z,0.4700,yes,KXKHAMENEIOUT-AKHA-26JUL01,0afcb573-6ec1-76e6-a3b4-35ef815225ca,0.5300,2026-02-28 19:55:25.260014+00:00
16.00,2026-02-28T19:55:24.195224Z,0.4700,yes,KXKHAMENEIOUT-AKHA-26JUL01,d2e9e99a-36a1-672a-8b99-cc4d168df286,0.5300,2026-02-28 19:55:24.195224+00:00
25.00,2026-02-28T19:55:23.491449Z,0.4800,yes,KXKHAMENEIOUT-AKHA-26JUL01,88849002-6e1a-729b-e45b-1a78fe1722ce,0.5200,2026-02-28 19:55:23.491449+00:00
60.00,2026-02-28T19:55:23.491449Z,0.4700,yes,KXKHAMENEIOUT-AKHA-26JUL01,7ccdcc1d-6339-7086-e386-07346e8c2faa,0.5300,2026-02-28 19:55:23.491449+00:00
57.00,2026-02-28T19:55:23.491449Z,0.4700,yes,KXKHAMENEIOUT-AKHA-26JUL01,06c498af-87b8-7858-ff2e-5e07f598e71a,0.5300,2026-02-28 19:55:23.491449+00:00
78.00,2026-02-28T19:55:21.558887Z,0.4700,yes,KXKHAMENEIOUT-AKHA-26JUL01,57b44851-4e14-7014-b6dc-39c43238219e,0.5300,2026-02-28 19:55:21.558887+00:00
913.00,2026-02-28T19:55:21.28073Z,0.4700,yes,KXKHAMENEIOUT-AKHA-26JUL01,c7b0f85e-5ac8-7338-64c9-3e816fb6d67a,0.5300,2026-02-28 19:55:21.280730+00:00
91.00,2026-02-28T19:55:20.805481Z,0.4700,yes,KXKHAMENEIOUT-AKHA-26JUL01,ffee8be1-6208-52c8-dee8-8f65821b3aee,0.5300,2026-02-28 19:55:20.805481+00:00
67.00,2026-02-28T19:55:19.846713Z,0.4700,yes,KXKHAMENEIOUT-AKHA-26JUL01,16e16a6e-a194-7f50-8888-3639563a7e56,0.5300,2026-02-28 19:55:19.846713+00:00
10.00,2026-02-28T19:55:19.550987Z,0.4800,yes,KXKHAMENEIOUT-AKHA-26JUL01,fb3aa038-12af-4257-4b72-721ab337fd49,0.5200,2026-02-28 19:55:19.550987+00:00
172.00,2026-02-28T19:55:19.550987Z,0.4700,yes,KXKHAMENEIOUT-AKHA-26JUL01,c8683771-33a4-4780-7abb-fbe09bf5b92a,0.5300,2026-02-28 19:55:19.550987+00:00
91.00,2026-02-28T19:55:17.402502Z,0.4700,yes,KXKHAMENEIOUT-AKHA-26JUL01,eb2bfd0d-9fd0-5fdc-d19b-1fec4e03f5ea,0.5300,2026-02-28 19:55:17.402502+00:00
367.00,2026-02-28T19:55:15.480025Z,0.4700,yes,KXKHAMENEIOUT-AKHA-26JUL01,1e90d266-983c-6ef4-090d-e6b8dfe25632,0.5300,2026-02-28 19:55:15.480025+00:00
18.00,2026-02-28T19:55:15.006775Z,0.4700,yes,KXKHAMENEIOUT-AKHA-26JUL01,baa3fed3-ded0-70ac-d0ba-d4d1a0292d92,0.5300,2026-02-28 19:55:15.006775+00:00
20.00,2026-02-28T19:55:13.905038Z,0.5100,no,KXKHAMENEIOUT-AKHA-26JUL01,4c80a02d-6a90-7ecf-88f9-8f5f30a3340a,0.4900,2026-02-28 19:55:13.905038+00:00
25.00,2026-02-28T19:55:13.905038Z,0.5000,no,KXKHAMENEIOUT-AKHA-26JUL01,1869825b-8c6c-7697-b51f-7629c26b5800,0.5000,2026-02-28 19:55:13.905038+00:00
146.00,2026-02-28T19:55:10.01474Z,0.4700,yes,KXKHAMENEIOUT-AKHA-26JUL01,e314baae-4480-7c40-87ec-bb2055aa7f06,0.5300,2026-02-28 19:55:10.014740+00:00
3.00,2026-02-28T19:55:10.01474Z,0.4800,yes,KXKHAMENEIOUT-AKHA-26JUL01,9a93a8fa-b019-74a4-bb98-b58b8db50d3c,0.5200,2026-02-28 19:55:10.014740+00:00
269.00,2026-02-28T19:55:10.01474Z,0.4700,yes,KXKHAMENEIOUT-AKHA-26JUL01,064a0134-80cb-70de-bf1a-a680a8657c3c,0.5300,2026-02-28 19:55:10.014740+00:00
2.00,2026-02-28T19:55:08.155032Z,0.4800,yes,KXKHAMENEIOUT-AKHA-26JUL01,66809905-8d59-52c0-8624-01ad32fcb678,0.5200,2026-02-28 19:55:08.155032+00:00
17.00,2026-02-28T19:55:07.544815Z,0.4700,yes,KXKHAMENEIOUT-AKHA-26JUL01,353b34d2-d337-5fba-09d9-0fbf1a58c15c,0.5300,2026-02-28 19:55:07.544815+00:00
23.00,2026-02-28T19:55:07.530683Z,0.4700,yes,KXKHAMENEIOUT-AKHA-26JUL01,b2a35db6-ef43-7872-aa83-8b46e448b224,0.5300,2026-02-28 19:55:07.530683+00:00
27.00,2026-02-28T19:55:02.577523Z,0.4700,yes,KXKHAMENEIOUT-AKHA-26JUL01,df5988a9-9e6f-5926-85a8-94d9fb13ec0c,0.5300,2026-02-28 19:55:02.577523+00:00
91.00,2026-02-28T19:55:01.604921Z,0.4700,yes,KXKHAMENEIOUT-AKHA-26JUL01,7426f167-55bb-7bba-7e35-706f5e554108,0.5300,2026-02-28 19:55:01.604921+00:00
11.00,2026-02-28T19:54:56.11599Z,0.5000,no,KXKHAMENEIOUT-AKHA-26JUL01,5c875b6c-8f26-7de4-7eae-5ecda06d1c1e,0.5000,2026-02-28 19:54:56.115990+00:00
365.00,2026-02-28T19:54:55.597195Z,0.4700,yes,KXKHAMENEIOUT-AKHA-26JUL01,45e2c41e-cd9f-52f2-67b2-f7dbbee8cd38,0.5300,2026-02-28 19:54:55.597195+00:00
13.00,2026-02-28T19:54:53.25266Z,0.4800,yes,KXKHAMENEIOUT-AKHA-26JUL01,b2c5118e-4bc5-58a3-7200-9a932278bb8d,0.5200,2026-02-28 19:54:53.252660+00:00
78.00,2026-02-28T19:54:53.25266Z,0.4700,yes,KXKHAMENEIOUT-AKHA-26JUL01,89f3c577-fef3-564a-748f-cbba2c847b4c,0.5300,2026-02-28 19:54:53.252660+00:00
3.00,2026-02-28T19:54:52.902768Z,0.4800,yes,KXKHAMENEIOUT-AKHA-26JUL01,b3707b62-4fb1-73b3-4995-5f3648f0e109,0.5200,2026-02-28 19:54:52.902768+00:00
9.00,2026-02-28T19:54:52.320084Z,0.4800,yes,KXKHAMENEIOUT-AKHA-26JUL01,55c7f433-f20d-5fd3-7f99-7bad92ed8b2d,0.5200,2026-02-28 19:54:52.320084+00:00
51.00,2026-02-28T19:54:49.675833Z,0.4700,yes,KXKHAMENEIOUT-AKHA-26JUL01,89c69b8d-d753-6fb2-8bac-20fd840352dc,0.5300,2026-02-28 19:54:49.675833+00:00
15.00,2026-02-28T19:54:48.824995Z,0.4700,yes,KXKHAMENEIOUT-AKHA-26JUL01,5b195eb4-655b-7a62-8691-c7982d737590,0.5300,2026-02-28 19:54:48.824995+00:00
230.00,2026-02-28T19:54:47.29251Z,0.4700,yes,KXKHAMENEIOUT-AKHA-26JUL01,f3dc744e-9bab-78ba-3cac-a26f7c71d6ac,0.5300,2026-02-28 19:54:47.292510+00:00
11.00,2026-02-28T19:54:46.634119Z,0.4700,yes,KXKHAMENEIOUT-AKHA-26JUL01,eb601d86-3903-5696-f1b5-9aa54d93ff2c,0.5300,2026-02-28 19:54:46.634119+00:00
25.00,2026-02-28T19:54:46.634119Z,0.4800,yes,KXKHAMENEIOUT-AKHA-26JUL01,e33d2841-024a-5d80-e2ba-f94c3a3d1aa7,0.5200,2026-02-28 19:54:46.634119+00:00
193.00,2026-02-28T19:54:45.186025Z,0.4700,yes,KXKHAMENEIOUT-AKHA-26JUL01,e5cffea7-9e1b-7b02-3066-e9dd59a44624,0.5300,2026-02-28 19:54:45.186025+00:00
9.00,2026-02-28T19:54:44.712905Z,0.4700,yes,KXKHAMENEIOUT-AKHA-26JUL01,d3d9e601-ca47-4272-74c9-5a077158ebe8,0.5300,2026-02-28 19:54:44.712905+00:00
3.00,2026-02-28T19:54:43.104347Z,0.4700,yes,KXKHAMENEIOUT-AKHA-26JUL01,8697241e-b0ef-69fa-9616-700607fce0ec,0.5300,2026-02-28 19:54:43.104347+00:00
700.00,2026-02-28T19:54:42.098767Z,0.4700,yes,KXKHAMENEIOUT-AKHA-26JUL01,9e7c5bd0-f8e3-4a1a-0a2f-eb2dfe722fc8,0.5300,2026-02-28 19:54:42.098767+00:00
1147.00,2026-02-28T19:54:42.098767Z,0.4800,yes,KXKHAMENEIOUT-AKHA-26JUL01,82c82a9a-5dc7-4ce7-16c7-f50e0ccdc4c0,0.5200,2026-02-28 19:54:42.098767+00:00
55.00,2026-02-28T19:54:40.604692Z,0.4800,yes,KXKHAMENEIOUT-AKHA-26JUL01,219d22a9-719b-662b-caa8-d6d9f66fda44,0.5200,2026-02-28 19:54:40.604692+00:00
203.00,2026-02-28T19:54:37.186996Z,0.5000,no,KXKHAMENEIOUT-AKHA-26JUL01,bd4b1567-a7e8-5502-e662-49f23d546d6b,0.5000,2026-02-28 19:54:37.186996+00:00
5.00,2026-02-28T19:54:37.186996Z,0.5000,no,KXKHAMENEIOUT-AKHA-26JUL01,b145c454-d89e-5202-decd-408c1a1a3a9f,0.5000,2026-02-28 19:54:37.186996+00:00
20.00,2026-02-28T19:54:37.186996Z,0.4900,no,KXKHAMENEIOUT-AKHA-26JUL01,942d6530-729b-58b5-c4b2-d96f830adec0,0.5100,2026-02-28 19:54:37.186996+00:00
95.00,2026-02-28T19:54:37.186996Z,0.5100,no,KXKHAMENEIOUT-AKHA-26JUL01,86c0a541-a178-5ff3-f0b9-2b1138ee34fe,0.4900,2026-02-28 19:54:37.186996+00:00
192.00,2026-02-28T19:54:37.186996Z,0.5000,no,KXKHAMENEIOUT-AKHA-26JUL01,2c9781e7-4dfd-524f-cf4a-0c0ef681dff1,0.5000,2026-02-28 19:54:37.186996+00:00
5.00,2026-02-28T19:54:37.186996Z,0.4900,no,KXKHAMENEIOUT-AKHA-26JUL01,00a63224-25cc-5407-ea57-6c79f8da4f92,0.5100,2026-02-28 19:54:37.186996+00:00
46.00,2026-02-28T19:54:36.980366Z,0.4800,yes,KXKHAMENEIOUT-AKHA-26JUL01,06607802-f8ab-7137-1836-12fdfaa250ac,0.5200,2026-02-28 19:54:36.980366+00:00
148.00,2026-02-28T19:54:36.695033Z,0.4800,yes,KXKHAMENEIOUT-AKHA-26JUL01,1112aa5d-9fd7-578b-8d66-c17cb74f43f8,0.5200,2026-02-28 19:54:36.695033+00:00
9.00,2026-02-28T19:54:34.070749Z,0.4800,yes,KXKHAMENEIOUT-AKHA-26JUL01,e14473c1-4eef-5a53-7e3c-803914a3df70,0.5200,2026-02-28 19:54:34.070749+00:00
1.00,2026-02-28T19:54:33.24949Z,0.4800,yes,KXKHAMENEIOUT-AKHA-26JUL01,fe1ad0b7-ae43-7ddb-159f-12768311464c,0.5200,2026-02-28 19:54:33.249490+00:00
186.00,2026-02-28T19:54:32.372931Z,0.4800,yes,KXKHAMENEIOUT-AKHA-26JUL01,a0893998-cc4b-6f5f-d099-2d0831ce2f08,0.5200,2026-02-28 19:54:32.372931+00:00
40.00,2026-02-28T19:54:31.354489Z,0.4800,yes,KXKHAMENEIOUT-AKHA-26JUL01,4e3a15ba-a813-6f3b-51b7-e8d1a79c5304,0.5200,2026-02-28 19:54:31.354489+00:00
303.00,2026-02-28T19:54:30.39938Z,0.4800,yes,KXKHAMENEIOUT-AKHA-26JUL01,f6cdfba0-3b83-56db-4b7e-3d037e2af8d8,0.5200,2026-02-28 19:54:30.399380+00:00
37.00,2026-02-28T19:54:29.107249Z,0.4800,yes,KXKHAMENEIOUT-AKHA-26JUL01,5ea5a55b-7f93-4fab-3da9-3ac2e61d1f94,0.5200,2026-02-28 19:54:29.107249+00:00
93.00,2026-02-28T19:54:28.17213Z,0.4800,yes,KXKHAMENEIOUT-AKHA-26JUL01,311cfa1e-9fa3-7e93-4cd1-b566cfb5f3b0,0.5200,2026-02-28 19:54:28.172130+00:00
297.00,2026-02-28T19:54:24.866503Z,0.4800,yes,KXKHAMENEIOUT-AKHA-26JUL01,b5bd200d-7feb-528b-be9d-e86a65297058,0.5200,2026-02-28 19:54:24.866503+00:00
43.00,2026-02-28T19:54:24.866503Z,0.4800,yes,KXKHAMENEIOUT-AKHA-26JUL01,98f7c279-1968-5fe7-8568-869dfc0ec8b7,0.5200,2026-02-28 19:54:24.866503+00:00
120.00,2026-02-28T19:54:24.866503Z,0.4800,yes,KXKHAMENEIOUT-AKHA-26JUL01,48241eef-64c3-53b4-b713-6189f99eb308,0.5200,2026-02-28 19:54:24.866503+00:00
5.00,2026-02-28T19:54:24.866503Z,0.4800,yes,KXKHAMENEIOUT-AKHA-26JUL01,0619e1d3-3d4e-5edd-8c37-aadddcee3bb2,0.5200,2026-02-28 19:54:24.866503+00:00
186.00,2026-02-28T19:54:24.354335Z,0.4800,yes,KXKHAMENEIOUT-AKHA-26JUL01,f6f9d8ce-244c-53b3-2036-1ac2fbf67bdb,0.5200,2026-02-28 19:54:24.354335+00:00
18.00,2026-02-28T19:54:24.078469Z,0.4800,yes,KXKHAMENEIOUT-AKHA-26JUL01,765d5ae3-7888-48d3-2a04-dba5b7c2909b,0.5200,2026-02-28 19:54:24.078469+00:00
186.00,2026-02-28T19:54:21.841786Z,0.4800,yes,KXKHAMENEIOUT-AKHA-26JUL01,90b09207-ec7c-79c3-ce92-9dd801c19c33,0.5200,2026-02-28 19:54:21.841786+00:00
130.00,2026-02-28T19:54:21.157889Z,0.4800,yes,KXKHAMENEIOUT-AKHA-26JUL01,650ac45e-3ec8-4d83-9e0a-a90d2aaeb1c3,0.5200,2026-02-28 19:54:21.157889+00:00
3.00,2026-02-28T19:54:19.686161Z,0.4800,yes,KXKHAMENEIOUT-AKHA-26JUL01,730eb344-85ac-546b-efad-6d50b2617a4b,0.5200,2026-02-28 19:54:19.686161+00:00
20.00,2026-02-28T19:54:19.227656Z,0.4900,no,KXKHAMENEIOUT-AKHA-26JUL01,e61d290e-66ac-45c3-1a6f-cdd913d2fcb6,0.5100,2026-02-28 19:54:19.227656+00:00
47.00,2026-02-28T19:54:17.103794Z,0.4800,yes,KXKHAMENEIOUT-AKHA-26JUL01,7ae700c8-a3f4-71d7-0ad4-cdd2e5496efb,0.5200,2026-02-28 19:54:17.103794+00:00
5.00,2026-02-28T19:54:14.744667Z,0.4800,yes,KXKHAMENEIOUT-AKHA-26JUL01,beeca319-d874-778f-63e7-c7037c9d666f,0.5200,2026-02-28 19:54:14.744667+00:00
279.00,2026-02-28T19:54:14.541657Z,0.4800,yes,KXKHAMENEIOUT-AKHA-26JUL01,5f3e79b4-9768-4d2f-54a9-49f3b5848c4f,0.5200,2026-02-28 19:54:14.541657+00:00
93.00,2026-02-28T19:54:12.622452Z,0.4800,yes,KXKHAMENEIOUT-AKHA-26JUL01,72fa456d-2780-64e3-e3f5-af5175c1b277,0.5200,2026-02-28 19:54:12.622452+00:00
18.00,2026-02-28T19:54:12.311554Z,0.4800,yes,KXKHAMENEIOUT-AKHA-26JUL01,201dd453-7b98-51cf-ed8c-d7c3dca54783,0.5200,2026-02-28 19:54:12.311554+00:00
88.00,2026-02-28T19:54:12.050212Z,0.4800,yes,KXKHAMENEIOUT-AKHA-26JUL01,c540b59c-e900-5ccb-30dd-834720f75477,0.5200,2026-02-28 19:54:12.050212+00:00
9.00,2026-02-28T19:54:08.411078Z,0.4800,yes,KXKHAMENEIOUT-AKHA-26JUL01,45d65531-7258-6f9b-c38b-d80bd87ebbbb,0.5200,2026-02-28 19:54:08.411078+00:00
1859.00,2026-02-28T19:54:07.772252Z,0.4800,yes,KXKHAMENEIOUT-AKHA-26JUL01,7df08971-1774-6c3b-d7a2-9171bcaf96c3,0.5200,2026-02-28 19:54:07.772252+00:00
68.00,2026-02-28T19:54:07.325144Z,0.4800,yes,KXKHAMENEIOUT-AKHA-26JUL01,dd766885-351c-544b-68ef-062ffcfa149b,0.5200,2026-02-28 19:54:07.325144+00:00
25.00,2026-02-28T19:54:07.325144Z,0.4900,yes,KXKHAMENEIOUT-AKHA-26JUL01,3fb6946f-373b-50ac-667b-95f20c650ab1,0.5100,2026-02-28 19:54:07.325144+00:00
40.00,2026-02-28T19:54:07.265684Z,0.5000,no,KXKHAMENEIOUT-AKHA-26JUL01,624709d4-0729-6a2b-0d52-a483a9462c45,0.5000,2026-02-28 19:54:07.265684+00:00
186.00,2026-02-28T19:54:05.738024Z,0.4800,yes,KXKHAMENEIOUT-AKHA-26JUL01,7a5b18d7-34b0-5b07-4262-5d195c95649b,0.5200,2026-02-28 19:54:05.738024+00:00
42.00,2026-02-28T19:54:05.198297Z,0.4800,yes,KXKHAMENEIOUT-AKHA-26JUL01,0c518e5c-9c5c-7db3-b6c3-4b22b86ed1ff,0.5200,2026-02-28 19:54:05.198297+00:00
1836.00,2026-02-28T19:54:03.142964Z,0.4800,yes,KXKHAMENEIOUT-AKHA-26JUL01,9af07126-2968-53cf-fea1-60b565ba20e7,0.5200,2026-02-28 19:54:03.142964+00:00
25.00,2026-02-28T19:54:03.142964Z,0.4900,yes,KXKHAMENEIOUT-AKHA-26JUL01,7575da48-e1dd-5cec-c079-88c99068c85a,0.5100,2026-02-28 19:54:03.142964+00:00
34.00,2026-02-28T19:53:58.617647Z,0.5000,no,KXKHAMENEIOUT-AKHA-26JUL01,8d9c9537-77fd-64d5-ea5f-2c147013ea71,0.5000,2026-02-28 19:53:58.617647+00:00
1.00,2026-02-28T19:53:58.617647Z,0.5000,no,KXKHAMENEIOUT-AKHA-26JUL01,73fe0992-47a8-65a1-f127-77f2fc2a0ac9,0.5000,2026-02-28 19:53:58.617647+00:00
168.00,2026-02-28T19:53:58.617647Z,0.5000,no,KXKHAMENEIOUT-AKHA-26JUL01,46bb36a9-7bcd-6bf7-f185-313f959c4c81,0.5000,2026-02-28 19:53:58.617647+00:00
87.00,2026-02-28T19:53:57.8081Z,0.5000,no,KXKHAMENEIOUT-AKHA-26JUL01,f81cb245-ba5c-7bf1-cd2f-52ca76caa325,0.5000,2026-02-28 19:53:57.808100+00:00
7.00,2026-02-28T19:53:57.8081Z,0.5000,no,KXKHAMENEIOUT-AKHA-26JUL01,c9e16024-3d4f-7fe9-ed84-0e1e3d714dfb,0.5000,2026-02-28 19:53:57.808100+00:00
74.00,2026-02-28T19:53:57.8081Z,0.5000,no,KXKHAMENEIOUT-AKHA-26JUL01,a84987ed-eb3c-72d6-c674-7e189e8eadef,0.5000,2026-02-28 19:53:57.808100+00:00
25.00,2026-02-28T19:53:57.8081Z,0.4900,no,KXKHAMENEIOUT-AKHA-26JUL01,1fd56377-777a-7d3b-f011-59fc24e3ceb0,0.5100,2026-02-28 19:53:57.808100+00:00
186.00,2026-02-28T19:53:57.632368Z,0.4800,yes,KXKHAMENEIOUT-AKHA-26JUL01,4ee704f9-4964-6473-b498-20de01c52b33,0.5200,2026-02-28 19:53:57.632368+00:00
27.00,2026-02-28T19:53:57.105569Z,0.4800,yes,KXKHAMENEIOUT-AKHA-26JUL01,5258e062-e0c8-56e3-3681-3c7880f22e73,0.5200,2026-02-28 19:53:57.105569+00:00
148.00,2026-02-28T19:53:56.892275Z,0.4800,yes,KXKHAMENEIOUT-AKHA-26JUL01,f91beb60-f9ac-56d3-2aba-4b4c73ae63e7,0.5200,2026-02-28 19:53:56.892275+00:00
74.00,2026-02-28T19:53:56.171025Z,0.4800,yes,KXKHAMENEIOUT-AKHA-26JUL01,59a98790-e4b0-4a93-b8eb-2a52cad773b7,0.5200,2026-02-28 19:53:56.171025+00:00
68.00,2026-02-28T19:53:54.814766Z,0.5000,no,KXKHAMENEIOUT-AKHA-26JUL01,43f477b8-5768-5702-c8d0-4b1a339234b3,0.5000,2026-02-28 19:53:54.814766+00:00
25.00,2026-02-28T19:53:54.814766Z,0.4900,no,KXKHAMENEIOUT-AKHA-26JUL01,27a7ecc5-f7f5-54c1-da6b-58f7170136ac,0.5100,2026-02-28 19:53:54.814766+00:00
651.00,2026-02-28T19:53:52.887986Z,0.4800,yes,KXKHAMENEIOUT-AKHA-26JUL01,160269c4-1644-4cf3-22ce-d78f8bd1280b,0.5200,2026-02-28 19:53:52.887986+00:00
372.00,2026-02-28T19:53:52.476298Z,0.4800,yes,KXKHAMENEIOUT-AKHA-26JUL01,b82a663a-eba4-4f23-25a8-bffe4bf6d03b,0.5200,2026-02-28 19:53:52.476298+00:00
204.00,2026-02-28T19:53:52.08467Z,0.4800,yes,KXKHAMENEIOUT-AKHA-26JUL01,c4e92069-6ff4-578b-234b-ce90b0d3515f,0.5200,2026-02-28 19:53:52.084670+00:00
49.00,2026-02-28T19:53:52.064244Z,0.4800,yes,KXKHAMENEIOUT-AKHA-26JUL01,341fbb2d-5d3c-6157-32bf-381132927837,0.5200,2026-02-28 19:53:52.064244+00:00
102.00,2026-02-28T19:53:51.843104Z,0.4800,yes,KXKHAMENEIOUT-AKHA-26JUL01,437d7a91-6968-593f-0698-38e2ee15688b,0.5200,2026-02-28 19:53:51.843104+00:00
558.00,2026-02-28T19:53:51.694837Z,0.4800,yes,KXKHAMENEIOUT-AKHA-26JUL01,dff14d61-bafc-6513-d13b-307f916fa3eb,0.5200,2026-02-28 19:53:51.694837+00:00
18.00,2026-02-28T19:53:49.74911Z,0.4800,yes,KXKHAMENEIOUT-AKHA-26JUL01,927868c8-9c30-4973-5b4e-358cae49a2b3,0.5200,2026-02-28 19:53:49.749110+00:00
527.00,2026-02-28T19:53:48.965416Z,0.4800,yes,KXKHAMENEIOUT-AKHA-26JUL01,edcb3793-3960-6c67-f72d-9d9f92b074b7,0.5200,2026-02-28 19:53:48.965416+00:00
9.00,2026-02-28T19:53:47.052014Z,0.4800,yes,KXKHAMENEIOUT-AKHA-26JUL01,49878a60-990c-5ed3-f1b5-2bfe608554cf,0.5200,2026-02-28 19:53:47.052014+00:00
37.00,2026-02-28T19:53:47.003824Z,0.4800,yes,KXKHAMENEIOUT-AKHA-26JUL01,1b33bceb-e5c8-5cc7-acbd-45a8384ef2b3,0.5200,2026-02-28 19:53:47.003824+00:00
186.00,2026-02-28T19:53:45.935499Z,0.4800,yes,KXKHAMENEIOUT-AKHA-26JUL01,22724554-0290-63d7-fd7c-cfa135c8c3cf,0.5200,2026-02-28 19:53:45.935499+00:00
18.00,2026-02-28T19:53:45.308347Z,0.4800,yes,KXKHAMENEIOUT-AKHA-26JUL01,3b188856-7400-7d03-e20d-164bd8e12397,0.5200,2026-02-28 19:53:45.308347+00:00
254.00,2026-02-28T19:53:44.024505Z,0.4800,yes,KXKHAMENEIOUT-AKHA-26JUL01,f45e7d69-7fd4-6213-42c4-5316dc18b157,0.5200,2026-02-28 19:53:44.024505+00:00
25.00,2026-02-28T19:53:44.024505Z,0.4900,yes,KXKHAMENEIOUT-AKHA-26JUL01,d20b1208-be74-655c-7829-5959d2a0a063,0.5100,2026-02-28 19:53:44.024505+00:00
9.00,2026-02-28T19:53:43.191668Z,0.4800,yes,KXKHAMENEIOUT-AKHA-26JUL01,49ec1db1-1db4-4ef3-abfc-d58365879777,0.5200,2026-02-28 19:53:43.191668+00:00
6.00,2026-02-28T19:53:41.661264Z,0.4800,yes,KXKHAMENEIOUT-AKHA-26JUL01,39c27bd2-4f14-615b-cb81-77156d82757f,0.5200,2026-02-28 19:53:41.661264+00:00
520.00,2026-02-28T19:53:41.606657Z,0.4800,yes,KXKHAMENEIOUT-AKHA-26JUL01,4b9102f9-37d0-5ffb-ba88-b9e1a807fa9f,0.5200,2026-02-28 19:53:41.606657+00:00
77.00,2026-02-28T19:53:39.898213Z,0.5000,no,KXKHAMENEIOUT-AKHA-26JUL01,e3d50878-1810-784e-b94e-0c045561c4f7,0.5000,2026-02-28 19:53:39.898213+00:00
25.00,2026-02-28T19:53:39.898213Z,0.4900,no,KXKHAMENEIOUT-AKHA-26JUL01,046a4c79-a533-706c-850c-bbc4d353af02,0.5100,2026-02-28 19:53:39.898213+00:00
17.00,2026-02-28T19:53:38.712944Z,0.4800,yes,KXKHAMENEIOUT-AKHA-26JUL01,d3c149a8-44b0-5ce7-a573-2725dad5d377,0.5200,2026-02-28 19:53:38.712944+00:00
50.00,2026-02-28T19:53:38.441383Z,0.4800,yes,KXKHAMENEIOUT-AKHA-26JUL01,ac038b9f-1674-4003-cd13-ed85d24ed35f,0.5200,2026-02-28 19:53:38.441383+00:00
27.00,2026-02-28T19:53:37.836034Z,0.4800,yes,KXKHAMENEIOUT-AKHA-26JUL01,5b5f9b23-69d8-7317-ee02-f1a9a14241c3,0.5200,2026-02-28 19:53:37.836034+00:00
37.00,2026-02-28T19:53:37.550413Z,0.4800,yes,KXKHAMENEIOUT-AKHA-26JUL01,5adb7bf0-75dc-76bf-5964-c9ac83e71b6b,0.5200,2026-02-28 19:53:37.550413+00:00
367.00,2026-02-28T19:53:36.336184Z,0.5000,no,KXKHAMENEIOUT-AKHA-26JUL01,df395a64-44dc-5652-9ff6-ae5c48b8926b,0.5000,2026-02-28 19:53:36.336184+00:00
186.00,2026-02-28T19:53:35.086987Z,0.4800,yes,KXKHAMENEIOUT-AKHA-26JUL01,c9f2e574-14dc-41a3-38b9-090f37065d53,0.5200,2026-02-28 19:53:35.086987+00:00
186.00,2026-02-28T19:53:34.735549Z,0.4800,yes,KXKHAMENEIOUT-AKHA-26JUL01,b561baa9-4bd0-68ff-c2c0-7175439311e3,0.5200,2026-02-28 19:53:34.735549+00:00
5.00,2026-02-28T19:53:34.221726Z,0.4800,yes,KXKHAMENEIOUT-AKHA-26JUL01,72080904-190c-7daf-3e7c-0328ac7557bb,0.5200,2026-02-28 19:53:34.221726+00:00
68.00,2026-02-28T19:53:33.917511Z,0.5000,no,KXKHAMENEIOUT-AKHA-26JUL01,69d5a6e2-b510-5322-b77d-bf25d5246063,0.5000,2026-02-28 19:53:33.917511+00:00
25.00,2026-02-28T19:53:33.917511Z,0.4900,no,KXKHAMENEIOUT-AKHA-26JUL01,66abc345-ec4c-5727-bc28-c150e924c5c8,0.5100,2026-02-28 19:53:33.917511+00:00
441.00,2026-02-28T19:53:33.271095Z,0.4800,yes,KXKHAMENEIOUT-AKHA-26JUL01,bbe1f75e-6bb0-7f3b-a400-bd2c52c6f023,0.5200,2026-02-28 19:53:33.271095+00:00
559.00,2026-02-28T19:53:33.271095Z,0.4800,yes,KXKHAMENEIOUT-AKHA-26JUL01,030105f9-3565-739f-add5-4816dca2ce3e,0.5200,2026-02-28 19:53:33.271095+00:00
37.00,2026-02-28T19:53:31.284079Z,0.4800,yes,KXKHAMENEIOUT-AKHA-26JUL01,2a76fc40-0a15-7cc7-c508-1e7b5e777c92,0.5200,2026-02-28 19:53:31.284079+00:00
55.00,2026-02-28T19:53:30.353563Z,0.4800,yes,KXKHAMENEIOUT-AKHA-26JUL01,93b3f466-8bd1-6a47-2136-1e2a11f4031e,0.5200,2026-02-28 19:53:30.353563+00:00
1850.00,2026-02-28T19:53:27.708837Z,0.4800,yes,KXKHAMENEIOUT-AKHA-26JUL01,b188e6b8-d579-717f-24d8-23a76bf6a016,0.5200,2026-02-28 19:53:27.708837+00:00
93.00,2026-02-28T19:53:27.047603Z,0.4800,yes,KXKHAMENEIOUT-AKHA-26JUL01,b3326c17-32c9-60ab-6f12-1d9565a9ebf6,0.5200,2026-02-28 19:53:27.047603+00:00
46.00,2026-02-28T19:53:26.80814Z,0.4800,yes,KXKHAMENEIOUT-AKHA-26JUL01,f2a92ffd-a979-78e7-7cb2-91de3ea5e3a6,0.5200,2026-02-28 19:53:26.808140+00:00
256.00,2026-02-28T19:53:24.722604Z,0.4800,yes,KXKHAMENEIOUT-AKHA-26JUL01,e2277528-a2e9-669f-c96a-b47cd063f88e,0.5200,2026-02-28 19:53:24.722604+00:00
16.00,2026-02-28T19:53:24.722604Z,0.4900,yes,KXKHAMENEIOUT-AKHA-26JUL01,bbf6885f-e46c-6aff-c882-55282bac3fe0,0.5100,2026-02-28 19:53:24.722604+00:00
7.00,2026-02-28T19:53:24.722604Z,0.4900,yes,KXKHAMENEIOUT-AKHA-26JUL01,1e623121-4837-639e-f62b-ae4119dc3f76,0.5100,2026-02-28 19:53:24.722604+00:00
18.00,2026-02-28T19:53:20.692326Z,0.4900,yes,KXKHAMENEIOUT-AKHA-26JUL01,f6033f9e-262b-4676-8124-70cdb707c3c6,0.5100,2026-02-28 19:53:20.692326+00:00
93.00,2026-02-28T19:53:19.357266Z,0.4800,yes,KXKHAMENEIOUT-AKHA-26JUL01,890493d7-1895-6a53-ea49-8071e1054152,0.5200,2026-02-28 19:53:19.357266+00:00
161.00,2026-02-28T19:53:18.723301Z,0.4800,yes,KXKHAMENEIOUT-AKHA-26JUL01,2a1a155c-2059-4a8f-643c-02dc33ac5e92,0.5200,2026-02-28 19:53:18.723301+00:00
25.00,2026-02-28T19:53:18.723301Z,0.4900,yes,KXKHAMENEIOUT-AKHA-26JUL01,17de1bd7-c863-4963-5587-7358ba0f40f7,0.5100,2026-02-28 19:53:18.723301+00:00
45.00,2026-02-28T19:53:15.45543Z,0.4800,yes,KXKHAMENEIOUT-AKHA-26JUL01,8b0a1c87-2469-5473-39a7-a05c44210af2,0.5200,2026-02-28 19:53:15.455430+00:00
27.00,2026-02-28T19:53:14.011366Z,0.4800,yes,KXKHAMENEIOUT-AKHA-26JUL01,0f2b2ab9-d9b5-469f-1bf7-71afcb472c42,0.5200,2026-02-28 19:53:14.011366+00:00
66.00,2026-02-28T19:53:11.679257Z,0.5000,no,KXKHAMENEIOUT-AKHA-26JUL01,ee8f01f4-b294-4099-9506-95b674cde815,0.5000,2026-02-28 19:53:11.679257+00:00
10.00,2026-02-28T19:53:11.679257Z,0.5000,no,KXKHAMENEIOUT-AKHA-26JUL01,e0825fc0-bdf8-4d87-a9d3-8c9d43e4fbf6,0.5000,2026-02-28 19:53:11.679257+00:00
28.00,2026-02-28T19:53:11.679257Z,0.4900,no,KXKHAMENEIOUT-AKHA-26JUL01,daf187bc-09a0-41da-ba47-a07455f848b6,0.5100,2026-02-28 19:53:11.679257+00:00
590.00,2026-02-28T19:53:11.679257Z,0.4900,no,KXKHAMENEIOUT-AKHA-26JUL01,ba644a9c-e127-490c-9ad5-dc41c47aa203,0.5100,2026-02-28 19:53:11.679257+00:00
336.00,2026-02-28T19:53:11.679257Z,0.4900,no,KXKHAMENEIOUT-AKHA-26JUL01,b1459378-9a4f-4b62-8772-ac6b2e6bd4ab,0.5100,2026-02-28 19:53:11.679257+00:00
624.00,2026-02-28T19:53:11.679257Z,0.5000,no,KXKHAMENEIOUT-AKHA-26JUL01,9ccc88e6-8ec2-4a71-b8c2-96a142e4a720,0.5000,2026-02-28 19:53:11.679257+00:00
346.00,2026-02-28T19:53:11.679257Z,0.5000,no,KXKHAMENEIOUT-AKHA-26JUL01,0589f150-18c8-4ac2-b594-f02e4784e94b,0.5000,2026-02-28 19:53:11.679257+00:00
18.00,2026-02-28T19:53:11.353696Z,0.4800,yes,KXKHAMENEIOUT-AKHA-26JUL01,d20b0780-d515-58c7-32dc-86e85b52f95a,0.5200,2026-02-28 19:53:11.353696+00:00
930.00,2026-02-28T19:53:06.761676Z,0.4800,yes,KXKHAMENEIOUT-AKHA-26JUL01,c52fd020-fbbd-6a0f-3f4e-1ec8c65252da,0.5200,2026-02-28 19:53:06.761676+00:00
10.00,2026-02-28T19:53:05.307765Z,0.4900,no,KXKHAMENEIOUT-AKHA-26JUL01,99ea4b10-00b3-5d80-3800-c5efec4dd3b3,0.5100,2026-02-28 19:53:05.307765+00:00
46.00,2026-02-28T19:53:04.548826Z,0.4800,yes,KXKHAMENEIOUT-AKHA-26JUL01,7d62026d-f26d-6a3f-d0e9-6a102b766f9a,0.5200,2026-02-28 19:53:04.548826+00:00
81.00,2026-02-28T19:53:04.415317Z,0.4800,yes,KXKHAMENEIOUT-AKHA-26JUL01,175b61a5-c0e1-4707-ab59-372e23836626,0.5200,2026-02-28 19:53:04.415317+00:00
46.00,2026-02-28T19:53:03.281126Z,0.4800,yes,KXKHAMENEIOUT-AKHA-26JUL01,55d836fd-c65d-6ca7-4939-2f1f3b1ccc5a,0.5200,2026-02-28 19:53:03.281126+00:00
930.00,2026-02-28T19:53:00.734581Z,0.4800,yes,KXKHAMENEIOUT-AKHA-26JUL01,e729efd0-7b85-79f7-e93c-91fe48c95522,0.5200,2026-02-28 19:53:00.734581+00:00
46.00,2026-02-28T19:52:59.624982Z,0.4800,yes,KXKHAMENEIOUT-AKHA-26JUL01,0b80975e-4cd5-4b2b-1847-2eb0b27441b6,0.5200,2026-02-28 19:52:59.624982+00:00
65.00,2026-02-28T19:52:58.079394Z,0.4800,yes,KXKHAMENEIOUT-AKHA-26JUL01,90e27e8d-6a81-5d9f-16b4-e67b1eeada82,0.5200,2026-02-28 19:52:58.079394+00:00
10.00,2026-02-28T19:52:57.775185Z,0.4900,no,KXKHAMENEIOUT-AKHA-26JUL01,8128944d-bec3-7c00-5285-e6acedf763ab,0.5100,2026-02-28 19:52:57.775185+00:00
465.00,2026-02-28T19:52:57.690207Z,0.4800,yes,KXKHAMENEIOUT-AKHA-26JUL01,4d45cd27-7101-768f-fc9b-22104e8aed8e,0.5200,2026-02-28 19:52:57.690207+00:00
93.00,2026-02-28T19:52:57.332995Z,0.4800,yes,KXKHAMENEIOUT-AKHA-26JUL01,a612cd1e-2cfd-6937-f573-385c074f59b2,0.5200,2026-02-28 19:52:57.332995+00:00
558.00,2026-02-28T19:52:56.267032Z,0.4800,yes,KXKHAMENEIOUT-AKHA-26JUL01,2647f7b9-3679-41b7-8288-17724258c826,0.5200,2026-02-28 19:52:56.267032+00:00
5.00,2026-02-28T19:52:54.67327Z,0.4900,no,KXKHAMENEIOUT-AKHA-26JUL01,e5506f21-3ce8-43af-3f7e-b8eae2fba79d,0.5100,2026-02-28 19:52:54.673270+00:00
383.00,2026-02-28T19:52:54.67327Z,0.4900,no,KXKHAMENEIOUT-AKHA-26JUL01,b6aeff55-1d8d-4343-0e42-1b7075616e05,0.5100,2026-02-28 19:52:54.673270+00:00
412.00,2026-02-28T19:52:54.67327Z,0.4900,no,KXKHAMENEIOUT-AKHA-26JUL01,7b669355-efe3-41e0-2093-a34783d9d7a3,0.5100,2026-02-28 19:52:54.673270+00:00
25.00,2026-02-28T19:52:54.67327Z,0.4900,no,KXKHAMENEIOUT-AKHA-26JUL01,53a102ee-33af-4331-1887-9132722b2e2a,0.5100,2026-02-28 19:52:54.673270+00:00
36.00,2026-02-28T19:52:54.67327Z,0.4900,no,KXKHAMENEIOUT-AKHA-26JUL01,455349f4-77e1-4051-2757-535d6a0a5ffc,0.5100,2026-02-28 19:52:54.673270+00:00
372.00,2026-02-28T19:52:54.444618Z,0.4900,no,KXKHAMENEIOUT-AKHA-26JUL01,70052697-86f9-6847-fa96-d1ed9a0689e1,0.5100,2026-02-28 19:52:54.444618+00:00
92.00,2026-02-28T19:52:53.428225Z,0.4800,yes,KXKHAMENEIOUT-AKHA-26JUL01,c272dfdd-e1d9-65d3-86d3-075306bada46,0.5200,2026-02-28 19:52:53.428225+00:00
37.00,2026-02-28T19:52:51.798545Z,0.4800,yes,KXKHAMENEIOUT-AKHA-26JUL01,be6a27e6-58ad-7b83-eeba-6ec08dc185be,0.5200,2026-02-28 19:52:51.798545+00:00
651.00,2026-02-28T19:52:48.058127Z,0.4800,yes,KXKHAMENEIOUT-AKHA-26JUL01,bf6066b2-a3dd-431b-9c23-78e4351eab0a,0.5200,2026-02-28 19:52:48.058127+00:00
14.00,2026-02-28T19:52:47.954326Z,0.4900,no,KXKHAMENEIOUT-AKHA-26JUL01,f742c08f-5181-5557-58ae-0e724629def5,0.5100,2026-02-28 19:52:47.954326+00:00
33.00,2026-02-28T19:52:47.507421Z,0.4800,yes,KXKHAMENEIOUT-AKHA-26JUL01,c9d8dcf8-7e75-75a7-8686-e450c9364912,0.5200,2026-02-28 19:52:47.507421+00:00
176.00,2026-02-28T19:52:46.328892Z,0.4800,yes,KXKHAMENEIOUT-AKHA-26JUL01,c3a7bff2-0a55-78b3-2507-05c0a0163966,0.5200,2026-02-28 19:52:46.328892+00:00
230.00,2026-02-28T19:52:45.695981Z,0.4800,yes,KXKHAMENEIOUT-AKHA-26JUL01,100f3824-9099-6cbf-4b67-0cfe6dd006c2,0.5200,2026-02-28 19:52:45.695981+00:00
558.00,2026-02-28T19:52:43.144293Z,0.4800,yes,KXKHAMENEIOUT-AKHA-26JUL01,873e3f71-721d-7d1b-9ee2-e4a1adbbfc0a,0.5200,2026-02-28 19:52:43.144293+00:00
102.00,2026-02-28T19:52:42.987009Z,0.4800,yes,KXKHAMENEIOUT-AKHA-26JUL01,4c3b81e0-2771-7613-40c1-e3f54266a872,0.5200,2026-02-28 19:52:42.987009+00:00
279.00,2026-02-28T19:52:42.908996Z,0.4800,yes,KXKHAMENEIOUT-AKHA-26JUL01,ba82b914-b5f5-5867-2b19-5875f7a47a56,0.5200,2026-02-28 19:52:42.908996+00:00
49.00,2026-02-28T19:52:42.8662Z,0.4900,no,KXKHAMENEIOUT-AKHA-26JUL01,11957dfc-35f5-7c7b-aee6-6bdad57f9499,0.5100,2026-02-28 19:52:42.866200+00:00
372.00,2026-02-28T19:52:40.996943Z,0.4800,yes,KXKHAMENEIOUT-AKHA-26JUL01,1139370a-f3d9-4deb-1569-1c50b227d19a,0.5200,2026-02-28 19:52:40.996943+00:00
46.00,2026-02-28T19:52:38.826467Z,0.4800,yes,KXKHAMENEIOUT-AKHA-26JUL01,3b35d749-6bc1-757b-e024-887d18e3c0c2,0.5200,2026-02-28 19:52:38.826467+00:00
46.00,2026-02-28T19:52:38.82002Z,0.4800,yes,KXKHAMENEIOUT-AKHA-26JUL01,a8de18aa-e145-79c7-0459-88d20c391046,0.5200,2026-02-28 19:52:38.820020+00:00
372.00,2026-02-28T19:52:34.098323Z,0.4800,yes,KXKHAMENEIOUT-AKHA-26JUL01,a25f0308-0d15-5877-1615-03af928ed8f2,0.5200,2026-02-28 19:52:34.098323+00:00
128.00,2026-02-28T19:52:32.69383Z,0.4800,yes,KXKHAMENEIOUT-AKHA-26JUL01,2199f088-c50d-6807-2f3b-27e7e655c26a,0.5200,2026-02-28 19:52:32.693830+00:00
228.00,2026-02-28T19:52:31.695372Z,0.4900,no,KXKHAMENEIOUT-AKHA-26JUL01,c71f3be1-3edd-4b4b-45b2-086f73aa3fe1,0.5100,2026-02-28 19:52:31.695372+00:00
186.00,2026-02-28T19:52:28.758321Z,0.4800,yes,KXKHAMENEIOUT-AKHA-26JUL01,4929106d-8269-7303-2114-1f455bce5c5e,0.5200,2026-02-28 19:52:28.758321+00:00
18.00,2026-02-28T19:52:25.808336Z,0.4800,yes,KXKHAMENEIOUT-AKHA-26JUL01,9a50deb3-d07d-4997-8d73-c9d60af3f36a,0.5200,2026-02-28 19:52:25.808336+00:00
45.00,2026-02-28T19:52:25.790285Z,0.4800,yes,KXKHAMENEIOUT-AKHA-26JUL01,2e277606-c80d-59f3-8a00-62dd7ac8518a,0.5200,2026-02-28 19:52:25.790285+00:00
46.00,2026-02-28T19:52:24.872514Z,0.4800,yes,KXKHAMENEIOUT-AKHA-26JUL01,190883be-6911-5d63-c08a-0b37c9a33882,0.5200,2026-02-28 19:52:24.872514+00:00
83.00,2026-02-28T19:52:20.859986Z,0.4800,yes,KXKHAMENEIOUT-AKHA-26JUL01,beb185d4-1e05-7ba7-2466-82274cc0c692,0.5200,2026-02-28 19:52:20.859986+00:00
289.00,2026-02-28T19:52:20.859986Z,0.4800,yes,KXKHAMENEIOUT-AKHA-26JUL01,12f8d654-9b5a-724d-047f-8e23f6e7341b,0.5200,2026-02-28 19:52:20.859986+00:00
9.00,2026-02-28T19:52:18.383641Z,0.4800,yes,KXKHAMENEIOUT-AKHA-26JUL01,c3f2471c-4642-5df9-c1af-6d5655c3e0ff,0.5200,2026-02-28 19:52:18.383641+00:00
93.00,2026-02-28T19:52:15.647559Z,0.4800,yes,KXKHAMENEIOUT-AKHA-26JUL01,7ebcc362-a13e-6591-7e22-1a27bf94d603,0.5200,2026-02-28 19:52:15.647559+00:00
186.00,2026-02-28T19:52:14.706892Z,0.4800,yes,KXKHAMENEIOUT-AKHA-26JUL01,b6385206-7c3e-66cd-bd68-bb91d3ab967f,0.5200,2026-02-28 19:52:14.706892+00:00
93.00,2026-02-28T19:52:12.182278Z,0.4800,yes,KXKHAMENEIOUT-AKHA-26JUL01,e23a898b-4ca6-56ad-a62d-7cbebd51af37,0.5200,2026-02-28 19:52:12.182278+00:00
5.00,2026-02-28T19:52:09.864651Z,0.4800,yes,KXKHAMENEIOUT-AKHA-26JUL01,47eb1d55-e226-6209-006a-caa85ee74e17,0.5200,2026-02-28 19:52:09.864651+00:00
18.00,2026-02-28T19:52:09.206586Z,0.4800,yes,KXKHAMENEIOUT-AKHA-26JUL01,a0907acf-d0a2-6191-ca85-f5a6895b9e5b,0.5200,2026-02-28 19:52:09.206586+00:00
49.00,2026-02-28T19:52:09.201971Z,0.4900,no,KXKHAMENEIOUT-AKHA-26JUL01,ca50646b-46c5-4cff-9085-b7a5e209bb31,0.5100,2026-02-28 19:52:09.201971+00:00
18.00,2026-02-28T19:52:05.719203Z,0.4800,yes,KXKHAMENEIOUT-AKHA-26JUL01,a9eb98fd-de16-48bd-8278-909355abe79f,0.5200,2026-02-28 19:52:05.719203+00:00
37.00,2026-02-28T19:52:02.64456Z,0.4800,yes,KXKHAMENEIOUT-AKHA-26JUL01,f1647fb5-9fa6-65e9-9c09-c64bf65df9bf,0.5200,2026-02-28 19:52:02.644560+00:00
186.00,2026-02-28T19:51:59.699721Z,0.4800,yes,KXKHAMENEIOUT-AKHA-26JUL01,8e230a3b-1426-7249-2bf1-4d434ef4c3f3,0.5200,2026-02-28 19:51:59.699721+00:00
37.00,2026-02-28T19:51:59.007311Z,0.4800,yes,KXKHAMENEIOUT-AKHA-26JUL01,faa25b43-7366-5d29-ca4a-3398d39a14e3,0.5200,2026-02-28 19:51:59.007311+00:00
367.00,2026-02-28T19:51:55.939387Z,0.4800,yes,KXKHAMENEIOUT-AKHA-26JUL01,5a24d399-e716-63f9-0b24-5bfabe1e8af3,0.5200,2026-02-28 19:51:55.939387+00:00
1860.00,2026-02-28T19:51:53.630696Z,0.4800,yes,KXKHAMENEIOUT-AKHA-26JUL01,7ca905ac-4a2a-67f1-8d44-cd0c34e5693f,0.5200,2026-02-28 19:51:53.630696+00:00
131.00,2026-02-28T19:51:52.006985Z,0.4900,no,KXKHAMENEIOUT-AKHA-26JUL01,6e8c13a8-33d5-67fb-4494-499db594bd75,0.5100,2026-02-28 19:51:52.006985+00:00
7.00,2026-02-28T19:51:48.694487Z,0.4800,yes,KXKHAMENEIOUT-AKHA-26JUL01,0992f85c-bbae-711d-3605-354d04c68ecf,0.5200,2026-02-28 19:51:48.694487+00:00
93.00,2026-02-28T19:51:48.609905Z,0.4800,yes,KXKHAMENEIOUT-AKHA-26JUL01,3e5457da-268e-70e1-0524-0f2ee199f1a7,0.5200,2026-02-28 19:51:48.609905+00:00
911.00,2026-02-28T19:51:48.12439Z,0.4800,yes,KXKHAMENEIOUT-AKHA-26JUL01,f93382d1-f5e2-465d-2497-c3882929014f,0.5200,2026-02-28 19:51:48.124390+00:00
9.00,2026-02-28T19:51:45.688668Z,0.4800,yes,KXKHAMENEIOUT-AKHA-26JUL01,e36e3c67-3eca-67e9-4c20-8733968b897b,0.5200,2026-02-28 19:51:45.688668+00:00
18.00,2026-02-28T19:51:45.124345Z,0.4900,no,KXKHAMENEIOUT-AKHA-26JUL01,8791437a-5705-4433-d3a3-021434907d09,0.5100,2026-02-28 19:51:45.124345+00:00
91.00,2026-02-28T19:51:44.022965Z,0.4900,no,KXKHAMENEIOUT-AKHA-26JUL01,bbe4949e-2e15-6d2b-59fb-084666ad8ae9,0.5100,2026-02-28 19:51:44.022965+00:00
186.00,2026-02-28T19:51:38.576445Z,0.4800,yes,KXKHAMENEIOUT-AKHA-26JUL01,e6db8635-6756-5415-22cd-fe343241848f,0.5200,2026-02-28 19:51:38.576445+00:00
98.00,2026-02-28T19:51:38.052521Z,0.4800,yes,KXKHAMENEIOUT-AKHA-26JUL01,e395c1fb-54fe-56d1-8750-ffd748848c5f,0.5200,2026-02-28 19:51:38.052521+00:00
465.00,2026-02-28T19:51:35.935574Z,0.4800,yes,KXKHAMENEIOUT-AKHA-26JUL01,43841dae-ea6e-751d-41de-12419527a8c7,0.5200,2026-02-28 19:51:35.935574+00:00
50.00,2026-02-28T19:51:34.072437Z,0.4800,yes,KXKHAMENEIOUT-AKHA-26JUL01,e6cd4d03-adc6-487d-5a44-b91989e50e47,0.5200,2026-02-28 19:51:34.072437+00:00
930.00,2026-02-28T19:51:33.137959Z,0.4900,no,KXKHAMENEIOUT-AKHA-26JUL01,e2ba9c4f-d07d-5247-38a3-5582aa9a6025,0.5100,2026-02-28 19:51:33.137959+00:00
1.00,2026-02-28T19:51:31.670815Z,0.4800,yes,KXKHAMENEIOUT-AKHA-26JUL01,7cbe7568-108e-7949-2967-b59a84ecc9df,0.5200,2026-02-28 19:51:31.670815+00:00
18.00,2026-02-28T19:51:31.079409Z,0.4800,yes,KXKHAMENEIOUT-AKHA-26JUL01,e0d4bb39-1dde-6d01-f779-858c7efb0e1f,0.5200,2026-02-28 19:51:31.079409+00:00
5.00,2026-02-28T19:51:28.088077Z,0.4800,yes,KXKHAMENEIOUT-AKHA-26JUL01,6ef8d7c1-a1fa-5371-3042-ab213954437f,0.5200,2026-02-28 19:51:28.088077+00:00
33.00,2026-02-28T19:51:28.040953Z,0.4800,yes,KXKHAMENEIOUT-AKHA-26JUL01,5b429ff2-d4ba-5699-8066-256346680453,0.5200,2026-02-28 19:51:28.040953+00:00
18.00,2026-02-28T19:51:27.768113Z,0.4800,yes,KXKHAMENEIOUT-AKHA-26JUL01,d13fe0af-e92a-7c11-9d7d-99e6d59f2adf,0.5200,2026-02-28 19:51:27.768113+00:00
913.00,2026-02-28T19:51:27.341536Z,0.4900,no,KXKHAMENEIOUT-AKHA-26JUL01,32381b96-5c39-5c5b-f746-979d4ee1c605,0.5100,2026-02-28 19:51:27.341536+00:00
93.00,2026-02-28T19:51:26.39553Z,0.4800,yes,KXKHAMENEIOUT-AKHA-26JUL01,97e006b1-527a-52e5-2624-b7cf31a6f043,0.5200,2026-02-28 19:51:26.395530+00:00
186.00,2026-02-28T19:51:25.307376Z,0.4800,yes,KXKHAMENEIOUT-AKHA-26JUL01,3811d5db-01c2-6e7d-1a56-fc5da5dfdbcf,0.5200,2026-02-28 19:51:25.307376+00:00
93.00,2026-02-28T19:51:25.009132Z,0.4800,yes,KXKHAMENEIOUT-AKHA-26JUL01,38637a1f-b01e-523d-a104-7712dc02e5bb,0.5200,2026-02-28 19:51:25.009132+00:00
93.00,2026-02-28T19:51:24.390909Z,0.4900,no,KXKHAMENEIOUT-AKHA-26JUL01,8201f9a8-5755-736b-d719-1016ab67ff69,0.5100,2026-02-28 19:51:24.390909+00:00
596.00,2026-02-28T19:51:23.597171Z,0.4900,no,KXKHAMENEIOUT-AKHA-26JUL01,5fd8bce2-0015-599b-d8d9-21509a695fad,0.5100,2026-02-28 19:51:23.597171+00:00
8.00,2026-02-28T19:51:19.156163Z,0.4800,yes,KXKHAMENEIOUT-AKHA-26JUL01,e6119379-75be-5e1d-4dea-81523fbce477,0.5200,2026-02-28 19:51:19.156163+00:00
279.00,2026-02-28T19:51:18.551816Z,0.4800,yes,KXKHAMENEIOUT-AKHA-26JUL01,1459749b-6402-7c21-fc05-8e2548941d23,0.5200,2026-02-28 19:51:18.551816+00:00
37.00,2026-02-28T19:51:17.567718Z,0.4800,yes,KXKHAMENEIOUT-AKHA-26JUL01,3052bf85-a07e-4bbd-7998-c8314da14583,0.5200,2026-02-28 19:51:17.567718+00:00
18.00,2026-02-28T19:51:15.899893Z,0.4800,yes,KXKHAMENEIOUT-AKHA-26JUL01,47c629e2-b9ee-4695-ce80-577e8221a0c3,0.5200,2026-02-28 19:51:15.899893+00:00
186.00,2026-02-28T19:51:14.729598Z,0.4800,yes,KXKHAMENEIOUT-AKHA-26JUL01,f4a3a694-104e-68c5-cd73-bc51d4f0edeb,0.5200,2026-02-28 19:51:14.729598+00:00
37.00,2026-02-28T19:51:13.389704Z,0.4800,yes,KXKHAMENEIOUT-AKHA-26JUL01,c323a16c-bdae-53f9-6ff1-94036a2ad43f,0.5200,2026-02-28 19:51:13.389704+00:00
46.00,2026-02-28T19:51:10.453004Z,0.4800,yes,KXKHAMENEIOUT-AKHA-26JUL01,dfb8bdc3-4266-40d1-dd21-23bc8b878453,0.5200,2026-02-28 19:51:10.453004+00:00
372.00,2026-02-28T19:51:09.189586Z,0.4800,yes,KXKHAMENEIOUT-AKHA-26JUL01,a3c0a4e3-30d2-5ce5-e961-903c580f6ec3,0.5200,2026-02-28 19:51:09.189586+00:00
186.00,2026-02-28T19:51:06.099211Z,0.4800,yes,KXKHAMENEIOUT-AKHA-26JUL01,76040485-d16e-63f5-af0a-166bbba712cf,0.5200,2026-02-28 19:51:06.099211+00:00
93.00,2026-02-28T19:51:04.798425Z,0.4800,yes,KXKHAMENEIOUT-AKHA-26JUL01,a37d1552-8002-4ff1-e2f3-7cf6d0fb3747,0.5200,2026-02-28 19:51:04.798425+00:00
37.00,2026-02-28T19:51:02.983162Z,0.4900,no,KXKHAMENEIOUT-AKHA-26JUL01,f46bf5bc-1245-4827-c90c-ab75108dbb81,0.5100,2026-02-28 19:51:02.983162+00:00
55.00,2026-02-28T19:51:02.493744Z,0.4800,yes,KXKHAMENEIOUT-AKHA-26JUL01,4db442d6-e95a-4e35-2a8a-fb8049fe9aef,0.5200,2026-02-28 19:51:02.493744+00:00
1900.00,2026-02-28T19:51:02.072387Z,0.4800,yes,KXKHAMENEIOUT-AKHA-26JUL01,7f8cb226-c78a-7461-07ee-ac5d6a7a06d3,0.5200,2026-02-28 19:51:02.072387+00:00
186.00,2026-02-28T19:51:01.954675Z,0.4800,yes,KXKHAMENEIOUT-AKHA-26JUL01,8e2d81aa-b7b2-7999-d87c-295039715d47,0.5200,2026-02-28 19:51:01.954675+00:00
96.00,2026-02-28T19:50:59.848114Z,0.4900,no,KXKHAMENEIOUT-AKHA-26JUL01,b4769148-5331-5767-5566-b6c127c19a71,0.5100,2026-02-28 19:50:59.848114+00:00
354.00,2026-02-28T19:50:49.544067Z,0.4900,no,KXKHAMENEIOUT-AKHA-26JUL01,082c12a2-85f1-75eb-d18b-db44a0cda5d1,0.5100,2026-02-28 19:50:49.544067+00:00
93.00,2026-02-28T19:50:48.915537Z,0.4800,yes,KXKHAMENEIOUT-AKHA-26JUL01,e49d0321-b65a-4cbd-2e2c-476914462e17,0.5200,2026-02-28 19:50:48.915537+00:00
186.00,2026-02-28T19:50:47.227438Z,0.4800,yes,KXKHAMENEIOUT-AKHA-26JUL01,cf7cc617-0ea2-6cd5-640a-c0d4783f1c93,0.5200,2026-02-28 19:50:47.227438+00:00
37.00,2026-02-28T19:50:47.136825Z,0.4800,yes,KXKHAMENEIOUT-AKHA-26JUL01,e03f3b0d-19be-7e51-939e-96454fc84103,0.5200,2026-02-28 19:50:47.136825+00:00
671.00,2026-02-28T19:50:46.807531Z,0.4800,yes,KXKHAMENEIOUT-AKHA-26JUL01,801fd96d-0e2b-586c-2f2e-bc57cfd74ca3,0.5200,2026-02-28 19:50:46.807531+00:00
817.00,2026-02-28T19:50:46.807531Z,0.4800,yes,KXKHAMENEIOUT-AKHA-26JUL01,774a99e5-1352-55a1-0ce6-b9b21f3ec493,0.5200,2026-02-28 19:50:46.807531+00:00
186.00,2026-02-28T19:50:46.807467Z,0.4800,yes,KXKHAMENEIOUT-AKHA-26JUL01,8a0abc9a-c0b3-6848-59ab-02def6ee798f,0.5200,2026-02-28 19:50:46.807467+00:00
186.00,2026-02-28T19:50:46.45178Z,0.4800,yes,KXKHAMENEIOUT-AKHA-26JUL01,aba2d04b-302f-64cc-441e-d55508a0ceeb,0.5200,2026-02-28 19:50:46.451780+00:00
16.00,2026-02-28T19:50:45.66053Z,0.4800,yes,KXKHAMENEIOUT-AKHA-26JUL01,245a369f-d89b-6178-12f1-75db7f4da6df,0.5200,2026-02-28 19:50:45.660530+00:00
186.00,2026-02-28T19:50:44.644541Z,0.4800,yes,KXKHAMENEIOUT-AKHA-26JUL01,1d3ea177-2e27-58d0-aa6c-1f4618dd59e7,0.5200,2026-02-28 19:50:44.644541+00:00
37.00,2026-02-28T19:50:43.656241Z,0.4800,yes,KXKHAMENEIOUT-AKHA-26JUL01,77ca8a25-06fb-416c-6b93-b61d73bd23bb,0.5200,2026-02-28 19:50:43.656241+00:00
8.00,2026-02-28T19:50:41.407833Z,0.4800,yes,KXKHAMENEIOUT-AKHA-26JUL01,cda647db-dc6f-7abc-7e3a-8f7444f2791f,0.5200,2026-02-28 19:50:41.407833+00:00
93.00,2026-02-28T19:50:41.009417Z,0.4800,yes,KXKHAMENEIOUT-AKHA-26JUL01,f42dbd3f-5bbb-5ff0-078c-266316b2579b,0.5200,2026-02-28 19:50:41.009417+00:00
126.00,2026-02-28T19:50:37.440522Z,0.4900,no,KXKHAMENEIOUT-AKHA-26JUL01,5c8ce7af-1451-5743-ec42-966ff13931a5,0.5100,2026-02-28 19:50:37.440522+00:00
9.00,2026-02-28T19:50:36.305042Z,0.4800,yes,KXKHAMENEIOUT-AKHA-26JUL01,a2253538-c957-5304-5ba7-2c167a485663,0.5200,2026-02-28 19:50:36.305042+00:00
205.00,2026-02-28T19:50:35.948271Z,0.4900,no,KXKHAMENEIOUT-AKHA-26JUL01,bc4636a7-f195-5eef-fa52-81296c387851,0.5100,2026-02-28 19:50:35.948271+00:00
7.00,2026-02-28T19:50:35.548093Z,0.4800,yes,KXKHAMENEIOUT-AKHA-26JUL01,07839a24-1d23-5194-8fa8-46b22c427c87,0.5200,2026-02-28 19:50:35.548093+00:00
22.00,2026-02-28T19:50:33.901654Z,0.4800,yes,KXKHAMENEIOUT-AKHA-26JUL01,2f6d1749-50ab-63a0-d41d-a0427416c4db,0.5200,2026-02-28 19:50:33.901654+00:00
42.00,2026-02-28T19:50:30.817973Z,0.4900,no,KXKHAMENEIOUT-AKHA-26JUL01,e1edef71-7d0d-4683-c530-361137cc2f99,0.5100,2026-02-28 19:50:30.817973+00:00
11.00,2026-02-28T19:50:29.418513Z,0.4800,yes,KXKHAMENEIOUT-AKHA-26JUL01,4725a2cb-9c37-62b8-b0ee-22a07c9f85ff,0.5200,2026-02-28 19:50:29.418513+00:00
27.00,2026-02-28T19:50:19.000257Z,0.4800,yes,KXKHAMENEIOUT-AKHA-26JUL01,2605b102-b3a3-56b8-414a-35a5aeddfa33,0.5200,2026-02-28 19:50:19.000257+00:00
1.00,2026-02-28T19:50:18.634003Z,0.4800,yes,KXKHAMENEIOUT-AKHA-26JUL01,2eb7aca5-4e6f-63c8-4306-cf96aa803ea3,0.5200,2026-02-28 19:50:18.634003+00:00
93.00,2026-02-28T19:50:17.734516Z,0.4800,yes,KXKHAMENEIOUT-AKHA-26JUL01,3a913b44-ce7b-7120-f1ed-bdcf07498a37,0.5200,2026-02-28 19:50:17.734516+00:00
18.00,2026-02-28T19:50:17.708424Z,0.4800,yes,KXKHAMENEIOUT-AKHA-26JUL01,da6ba643-4467-5d9c-79e0-f55055084c1f,0.5200,2026-02-28 19:50:17.708424+00:00
46.00,2026-02-28T19:50:14.88096Z,0.4800,yes,KXKHAMENEIOUT-AKHA-26JUL01,a1f3a11e-7c6f-72dc-0105-e8a117bd53f7,0.5200,2026-02-28 19:50:14.880960+00:00
55.00,2026-02-28T19:50:14.261021Z,0.4900,no,KXKHAMENEIOUT-AKHA-26JUL01,5f0f26e3-5c6d-6237-4649-e092c44bb8f9,0.5100,2026-02-28 19:50:14.261021+00:00
37.00,2026-02-28T19:50:09.84969Z,0.4800,yes,KXKHAMENEIOUT-AKHA-26JUL01,8377fcf3-bf7b-7ecc-9c5e-c07ca044a8b7,0.5200,2026-02-28 19:50:09.849690+00:00
18.00,2026-02-28T19:50:07.436421Z,0.4800,yes,KXKHAMENEIOUT-AKHA-26JUL01,a48c7f0c-3813-5ae0-0418-dd40b694c9bb,0.5200,2026-02-28 19:50:07.436421+00:00
13.00,2026-02-28T19:50:06.783467Z,0.4800,yes,KXKHAMENEIOUT-AKHA-26JUL01,4bc0fb61-e4bb-581c-c579-4d0e97d254a3,0.5200,2026-02-28 19:50:06.783467+00:00
11.00,2026-02-28T19:50:02.40907Z,0.4800,yes,KXKHAMENEIOUT-AKHA-26JUL01,04773b72-6a03-409c-4498-fca52fc2e07b,0.5200,2026-02-28 19:50:02.409070+00:00
80.00,2026-02-28T19:49:57.705059Z,0.4900,no,KXKHAMENEIOUT-AKHA-26JUL01,26b95422-d395-7c47-a6d4-30de5d512831,0.5100,2026-02-28 19:49:57.705059+00:00
5.00,2026-02-28T19:49:52.966819Z,0.4900,no,KXKHAMENEIOUT-AKHA-26JUL01,e2194332-de59-7193-7497-cbe7bcf240f9,0.5100,2026-02-28 19:49:52.966819+00:00
30.00,2026-02-28T19:49:52.579531Z,0.4800,yes,KXKHAMENEIOUT-AKHA-26JUL01,72364bf6-8c8b-56ac-44ee-c0ddfb510467,0.5200,2026-02-28 19:49:52.579531+00:00
93.00,2026-02-28T19:49:48.267475Z,0.4800,yes,KXKHAMENEIOUT-AKHA-26JUL01,c84c9fac-83b3-6408-8daa-cd7b5961e427,0.5200,2026-02-28 19:49:48.267475+00:00
186.00,2026-02-28T19:49:48.245409Z,0.4800,yes,KXKHAMENEIOUT-AKHA-26JUL01,7e55a972-f52f-7048-9bb0-02767c016663,0.5200,2026-02-28 19:49:48.245409+00:00
15.00,2026-02-28T19:49:44.641349Z,0.4900,no,KXKHAMENEIOUT-AKHA-26JUL01,54a26f8c-bc75-54bf-5b42-c604c997c561,0.5100,2026-02-28 19:49:44.641349+00:00
16.00,2026-02-28T19:49:42.122632Z,0.4800,yes,KXKHAMENEIOUT-AKHA-26JUL01,a9a9344b-9a0f-72b0-e0d6-cd03347e3753,0.5200,2026-02-28 19:49:42.122632+00:00
37.00,2026-02-28T19:49:42.063057Z,0.4800,yes,KXKHAMENEIOUT-AKHA-26JUL01,51c44d51-9ba3-5e58-de02-a7987c7fd40f,0.5200,2026-02-28 19:49:42.063057+00:00
46.00,2026-02-28T19:49:40.37601Z,0.4800,yes,KXKHAMENEIOUT-AKHA-26JUL01,d0155e99-c5c7-5894-5470-3841cffc1487,0.5200,2026-02-28 19:49:40.376010+00:00
323.00,2026-02-28T19:49:36.86974Z,0.4800,yes,KXKHAMENEIOUT-AKHA-26JUL01,7a968363-85cb-6634-bfcb-76e898c5119b,0.5200,2026-02-28 19:49:36.869740+00:00
20.00,2026-02-28T19:49:34.268712Z,0.4800,yes,KXKHAMENEIOUT-AKHA-26JUL01,79ff69d9-04df-5668-1b79-aa7151a21afb,0.5200,2026-02-28 19:49:34.268712+00:00
20.00,2026-02-28T19:49:32.121719Z,0.4800,yes,KXKHAMENEIOUT-AKHA-26JUL01,123bba82-da07-6538-32b9-145ad658027f,0.5200,2026-02-28 19:49:32.121719+00:00
9.00,2026-02-28T19:49:27.95281Z,0.4900,no,KXKHAMENEIOUT-AKHA-26JUL01,9c83610e-4405-7113-fc41-51d79de822c1,0.5100,2026-02-28 19:49:27.952810+00:00
55.00,2026-02-28T19:49:24.389571Z,0.4800,yes,KXKHAMENEIOUT-AKHA-26JUL01,b00e913e-6b33-654c-7717-24027a5186db,0.5200,2026-02-28 19:49:24.389571+00:00
89.00,2026-02-28T19:49:21.568649Z,0.4800,yes,KXKHAMENEIOUT-AKHA-26JUL01,a0b8f313-6197-5f3c-93e1-b11925203287,0.5200,2026-02-28 19:49:21.568649+00:00
5.00,2026-02-28T19:49:21.288901Z,0.4800,yes,KXKHAMENEIOUT-AKHA-26JUL01,729205d1-ab67-46b0-702b-297c822ae10b,0.5200,2026-02-28 19:49:21.288901+00:00
372.00,2026-02-28T19:49:20.260304Z,0.4800,yes,KXKHAMENEIOUT-AKHA-26JUL01,d7f1e604-94a3-6958-dfa8-498504f35cc7,0.5200,2026-02-28 19:49:20.260304+00:00
44.00,2026-02-28T19:49:19.832277Z,0.4900,no,KXKHAMENEIOUT-AKHA-26JUL01,e9546474-b1a5-760e-2a89-450d3665ba14,0.5100,2026-02-28 19:49:19.832277+00:00
109.00,2026-02-28T19:49:19.832277Z,0.4900,no,KXKHAMENEIOUT-AKHA-26JUL01,c2ed1698-e6ed-708f-392e-d63545b9e52d,0.5100,2026-02-28 19:49:19.832277+00:00
3500.00,2026-02-28T19:49:19.832277Z,0.4900,no,KXKHAMENEIOUT-AKHA-26JUL01,a48afbe4-5900-7b75-09ab-9aa276998f88,0.5100,2026-02-28 19:49:19.832277+00:00
100.00,2026-02-28T19:49:19.648767Z,0.4800,yes,KXKHAMENEIOUT-AKHA-26JUL01,1ddad3f1-067f-466c-83da-23b9f8ea6beb,0.5200,2026-02-28 19:49:19.648767+00:00
18.00,2026-02-28T19:49:19.355447Z,0.4800,yes,KXKHAMENEIOUT-AKHA-26JUL01,5ec6baa7-162f-5ae8-475f-4f44944343a3,0.5200,2026-02-28 19:49:19.355447+00:00
372.00,2026-02-28T19:49:19.345129Z,0.4800,yes,KXKHAMENEIOUT-AKHA-26JUL01,e3318b12-189b-63c8-4937-ceece8f1ac63,0.5200,2026-02-28 19:49:19.345129+00:00
55.00,2026-02-28T19:49:19.22458Z,0.4800,yes,KXKHAMENEIOUT-AKHA-26JUL01,755f6133-e52b-7abc-df4f-2362d9e78f73,0.5200,2026-02-28 19:49:19.224580+00:00
18.00,2026-02-28T19:49:18.744646Z,0.4800,yes,KXKHAMENEIOUT-AKHA-26JUL01,339430e6-a2eb-7974-c1ef-3275d28e5a8b,0.5200,2026-02-28 19:49:18.744646+00:00
27.00,2026-02-28T19:49:18.269473Z,0.4800,yes,KXKHAMENEIOUT-AKHA-26JUL01,f5819248-25ab-70a4-17e5-dcdcfac4c1f7,0.5200,2026-02-28 19:49:18.269473+00:00
93.00,2026-02-28T19:49:17.77973Z,0.4800,yes,KXKHAMENEIOUT-AKHA-26JUL01,5f025a0b-2827-4920-a7c7-4a52d8617d97,0.5200,2026-02-28 19:49:17.779730+00:00
1000.00,2026-02-28T19:49:14.337674Z,0.4800,yes,KXKHAMENEIOUT-AKHA-26JUL01,50ed2145-453b-7eb0-e983-e3eb429df51b,0.5200,2026-02-28 19:49:14.337674+00:00
18.00,2026-02-28T19:49:13.058723Z,0.4800,yes,KXKHAMENEIOUT-AKHA-26JUL01,4816cd80-fe5b-7960-c818-39a863c05367,0.5200,2026-02-28 19:49:13.058723+00:00
36.00,2026-02-28T19:49:12.229371Z,0.4800,yes,KXKHAMENEIOUT-AKHA-26JUL01,258a7f6e-80ab-6430-e7e5-6ea110d95bbf,0.5200,2026-02-28 19:49:12.229371+00:00
25.00,2026-02-28T19:49:12.03804Z,0.4800,no,KXKHAMENEIOUT-AKHA-26JUL01,6a164574-49db-633f-9c4d-c4a2c7a0d30c,0.5200,2026-02-28 19:49:12.038040+00:00
250.00,2026-02-28T19:49:12.03804Z,0.4800,no,KXKHAMENEIOUT-AKHA-26JUL01,0e830dbb-b5b2-6bf5-b547-40453b95a5de,0.5200,2026-02-28 19:49:12.038040+00:00
36.00,2026-02-28T19:49:11.332951Z,0.4700,yes,KXKHAMENEIOUT-AKHA-26JUL01,34133ff6-b5db-7dd2-7526-c973024ed7d4,0.5300,2026-02-28 19:49:11.332951+00:00
9.00,2026-02-28T19:49:06.706849Z,0.4700,yes,KXKHAMENEIOUT-AKHA-26JUL01,ef498f42-3afb-50fa-a5f6-f3433660fe80,0.5300,2026-02-28 19:49:06.706849+00:00
180.00,2026-02-28T19:49:03.329588Z,0.4700,yes,KXKHAMENEIOUT-AKHA-26JUL01,f0ecfc95-4b6b-6d86-8fb1-ecdac9bbcdbc,0.5300,2026-02-28 19:49:03.329588+00:00
182.00,2026-02-28T19:49:02.151711Z,0.4700,yes,KXKHAMENEIOUT-AKHA-26JUL01,b38be8cb-60ab-72d2-6cce-8c626e284b28,0.5300,2026-02-28 19:49:02.151711+00:00
36.00,2026-02-28T19:48:55.749193Z,0.4700,yes,KXKHAMENEIOUT-AKHA-26JUL01,a0cc6b40-c23b-6442-ac75-2b08d826a654,0.5300,2026-02-28 19:48:55.749193+00:00
36.00,2026-02-28T19:48:55.73217Z,0.4700,yes,KXKHAMENEIOUT-AKHA-26JUL01,1534a37e-d947-4a2a-aadf-6fced49d7b24,0.5300,2026-02-28 19:48:55.732170+00:00
36.00,2026-02-28T19:48:54.172699Z,0.4700,yes,KXKHAMENEIOUT-AKHA-26JUL01,50c1645f-ece3-75ce-a27a-ffe7b7db0f14,0.5300,2026-02-28 19:48:54.172699+00:00
91.00,2026-02-28T19:48:52.707495Z,0.4700,yes,KXKHAMENEIOUT-AKHA-26JUL01,b7c6f336-2ff7-7682-6810-348ab869d794,0.5300,2026-02-28 19:48:52.707495+00:00
36.00,2026-02-28T19:48:44.585434Z,0.4700,yes,KXKHAMENEIOUT-AKHA-26JUL01,bf1df50d-159b-52ea-bd6c-ae205bb37ccc,0.5300,2026-02-28 19:48:44.585434+00:00
276.00,2026-02-28T19:48:43.269129Z,0.4700,yes,KXKHAMENEIOUT-AKHA-26JUL01,aa45f07e-cb2b-49da-d10b-c0c550412d64,0.5300,2026-02-28 19:48:43.269129+00:00
213.00,2026-02-28T19:48:43.269129Z,0.4700,yes,KXKHAMENEIOUT-AKHA-26JUL01,8de75d84-347d-425d-d2fa-d92159477158,0.5300,2026-02-28 19:48:43.269129+00:00
54.00,2026-02-28T19:48:41.792572Z,0.4700,yes,KXKHAMENEIOUT-AKHA-26JUL01,c0ae323d-5aa5-760d-98fc-7890a6adb1e8,0.5300,2026-02-28 19:48:41.792572+00:00
9.00,2026-02-28T19:48:39.178328Z,0.4700,yes,KXKHAMENEIOUT-AKHA-26JUL01,14d91f10-0d95-701d-316d-b80195271cac,0.5300,2026-02-28 19:48:39.178328+00:00
14.00,2026-02-28T19:48:39.061297Z,0.4700,yes,KXKHAMENEIOUT-AKHA-26JUL01,3572076b-d609-5ba5-9608-b4ff4645f1f0,0.5300,2026-02-28 19:48:39.061297+00:00
91.00,2026-02-28T19:48:33.238909Z,0.4700,yes,KXKHAMENEIOUT-AKHA-26JUL01,37d98e41-53d9-41b9-1cb9-babc9f3c87d4,0.5300,2026-02-28 19:48:33.238909+00:00
913.00,2026-02-28T19:48:29.252965Z,0.4700,yes,KXKHAMENEIOUT-AKHA-26JUL01,f726927d-72b9-4a65-8c49-b24cc3428b48,0.5300,2026-02-28 19:48:29.252965+00:00
36.00,2026-02-28T19:48:28.645334Z,0.4700,yes,KXKHAMENEIOUT-AKHA-26JUL01,797d5850-93dd-7d75-3e14-021a81ba2174,0.5300,2026-02-28 19:48:28.645334+00:00
91.00,2026-02-28T19:48:27.887672Z,0.4700,yes,KXKHAMENEIOUT-AKHA-26JUL01,09eebbf8-2435-7ad5-7fa0-1c88bb208024,0.5300,2026-02-28 19:48:27.887672+00:00
18.00,2026-02-28T19:48:26.470605Z,0.4700,yes,KXKHAMENEIOUT-AKHA-26JUL01,0b129e32-e359-6c85-7d2c-82c58f49a66c,0.5300,2026-02-28 19:48:26.470605+00:00
794.00,2026-02-28T19:48:26.432537Z,0.4700,yes,KXKHAMENEIOUT-AKHA-26JUL01,0d8c8612-df61-7f59-9aa0-4a04aef7a850,0.5300,2026-02-28 19:48:26.432537+00:00
121.00,2026-02-28T19:48:26.432537Z,0.4800,yes,KXKHAMENEIOUT-AKHA-26JUL01,0d03f1b2-143a-7cc3-9944-93082458f562,0.5200,2026-02-28 19:48:26.432537+00:00
18.00,2026-02-28T19:48:23.566519Z,0.4700,yes,KXKHAMENEIOUT-AKHA-26JUL01,d6fe2fb3-64f9-6e91-7ed7-032bd0b1cab8,0.5300,2026-02-28 19:48:23.566519+00:00
365.00,2026-02-28T19:48:23.191434Z,0.4800,yes,KXKHAMENEIOUT-AKHA-26JUL01,d9a8c4e7-6d7a-5954-9bb8-0c03d1176689,0.5200,2026-02-28 19:48:23.191434+00:00
5.00,2026-02-28T19:48:23.191434Z,0.4800,yes,KXKHAMENEIOUT-AKHA-26JUL01,cc0c979d-a2a9-56db-b434-b4d79803bdf5,0.5200,2026-02-28 19:48:23.191434+00:00
47.00,2026-02-28T19:48:23.191434Z,0.4700,yes,KXKHAMENEIOUT-AKHA-26JUL01,3d1261b9-9d6d-5069-8cb7-f1d55aea2fd8,0.5300,2026-02-28 19:48:23.191434+00:00
9.00,2026-02-28T19:48:22.451598Z,0.4800,yes,KXKHAMENEIOUT-AKHA-26JUL01,1579a64e-34f6-4bf8-306e-d7ca5337e5e5,0.5200,2026-02-28 19:48:22.451598+00:00
100.00,2026-02-28T19:48:21.475928Z,0.4800,yes,KXKHAMENEIOUT-AKHA-26JUL01,2f34622a-e9ea-5384-34f4-dfbffc76e04d,0.5200,2026-02-28 19:48:21.475928+00:00
25.00,2026-02-28T19:48:18.987611Z,0.4900,yes,KXKHAMENEIOUT-AKHA-26JUL01,cb6f346a-9a19-61f0-46d7-6af5962ee7dc,0.5100,2026-02-28 19:48:18.987611+00:00
68.00,2026-02-28T19:48:18.987611Z,0.4800,yes,KXKHAMENEIOUT-AKHA-26JUL01,14dcd7d6-1756-673c-773a-2026ca5a2111,0.5200,2026-02-28 19:48:18.987611+00:00
66.00,2026-02-28T19:48:15.51232Z,0.4700,yes,KXKHAMENEIOUT-AKHA-26JUL01,3e13f20b-5a05-622d-366d-49207037cfcc,0.5300,2026-02-28 19:48:15.512320+00:00
25.00,2026-02-28T19:48:15.51232Z,0.4800,yes,KXKHAMENEIOUT-AKHA-26JUL01,0a4d594c-ab30-6ca3-1991-f0c467fd5b44,0.5200,2026-02-28 19:48:15.512320+00:00
18.00,2026-02-28T19:48:13.380464Z,0.4700,yes,KXKHAMENEIOUT-AKHA-26JUL01,7cce2ec7-e8d9-61b5-ad4a-d43b7f5d05d0,0.5300,2026-02-28 19:48:13.380464+00:00
82.00,2026-02-28T19:48:13.1252Z,0.4700,yes,KXKHAMENEIOUT-AKHA-26JUL01,144ee77a-6f35-4569-dcf9-a86072000d74,0.5300,2026-02-28 19:48:13.125200+00:00
61.00,2026-02-28T19:48:11.493447Z,0.4700,yes,KXKHAMENEIOUT-AKHA-26JUL01,55e76dfc-6309-6f61-ebac-4c6f55fc24dc,0.5300,2026-02-28 19:48:11.493447+00:00
9.00,2026-02-28T19:48:11.068674Z,0.4700,yes,KXKHAMENEIOUT-AKHA-26JUL01,e22fe45d-2781-561d-896e-1c3fed5db7c8,0.5300,2026-02-28 19:48:11.068674+00:00
25.00,2026-02-28T19:48:09.041147Z,0.4900,no,KXKHAMENEIOUT-AKHA-26JUL01,e0cd87c5-6cde-441d-fd13-84e5b52b2b40,0.5100,2026-02-28 19:48:09.041147+00:00
9.00,2026-02-28T19:48:09.041147Z,0.5000,no,KXKHAMENEIOUT-AKHA-26JUL01,bb4f52b8-36c2-4209-e750-fe262c7c7180,0.5000,2026-02-28 19:48:09.041147+00:00
18.00,2026-02-28T19:48:02.886159Z,0.4700,yes,KXKHAMENEIOUT-AKHA-26JUL01,3e967407-f795-6c15-5b6f-cb67aa37f0c8,0.5300,2026-02-28 19:48:02.886159+00:00
749.00,2026-02-28T19:48:00.84469Z,0.4900,no,KXKHAMENEIOUT-AKHA-26JUL01,f99cf586-b1e2-5b8b-b19b-52887c91e811,0.5100,2026-02-28 19:48:00.844690+00:00
5.00,2026-02-28T19:48:00.84469Z,0.4900,no,KXKHAMENEIOUT-AKHA-26JUL01,e92872b6-ee7c-5633-9791-d3f67e480621,0.5100,2026-02-28 19:48:00.844690+00:00
25.00,2026-02-28T19:48:00.84469Z,0.4900,no,KXKHAMENEIOUT-AKHA-26JUL01,8ab89b85-b063-50e7-bbed-2271e9c580d8,0.5100,2026-02-28 19:48:00.844690+00:00
25.00,2026-02-28T19:48:00.84469Z,0.4900,no,KXKHAMENEIOUT-AKHA-26JUL01,6ca84b7b-1530-5648-bcaa-03a81827c105,0.5100,2026-02-28 19:48:00.844690+00:00
1109.00,2026-02-28T19:48:00.84469Z,0.5000,no,KXKHAMENEIOUT-AKHA-26JUL01,0573f051-6b32-5621-bda8-32845294012c,0.5000,2026-02-28 19:48:00.844690+00:00
100.00,2026-02-28T19:47:57.60167Z,0.4700,yes,KXKHAMENEIOUT-AKHA-26JUL01,a5170fa8-d675-50ad-8a43-bef599fea670,0.5300,2026-02-28 19:47:57.601670+00:00
9.00,2026-02-28T19:47:55.953368Z,0.4800,yes,KXKHAMENEIOUT-AKHA-26JUL01,56046f2e-1f07-7c61-8282-1b96c8e8169d,0.5200,2026-02-28 19:47:55.953368+00:00
16.00,2026-02-28T19:47:54.178569Z,0.4800,yes,KXKHAMENEIOUT-AKHA-26JUL01,f9b986b5-c1bf-6739-cf08-8bb0454c7960,0.5200,2026-02-28 19:47:54.178569+00:00
20.00,2026-02-28T19:47:54.178569Z,0.4700,yes,KXKHAMENEIOUT-AKHA-26JUL01,424553ec-3b2d-6a85-edc0-1029cb5e8548,0.5300,2026-02-28 19:47:54.178569+00:00
9.00,2026-02-28T19:47:53.543935Z,0.4800,yes,KXKHAMENEIOUT-AKHA-26JUL01,30e87fcc-c513-566d-50a0-627a88a4ff48,0.5200,2026-02-28 19:47:53.543935+00:00
25.00,2026-02-28T19:47:46.483963Z,0.4800,no,KXKHAMENEIOUT-AKHA-26JUL01,93a17268-0748-6735-e558-3daebc89bbc0,0.5200,2026-02-28 19:47:46.483963+00:00
19.00,2026-02-28T19:47:46.483963Z,0.4900,no,KXKHAMENEIOUT-AKHA-26JUL01,8da5fb87-cc4e-6b63-cf12-b9dc51580b35,0.5100,2026-02-28 19:47:46.483963+00:00
18.00,2026-02-28T19:47:44.930798Z,0.4700,yes,KXKHAMENEIOUT-AKHA-26JUL01,4b881116-b4c9-5355-094f-a609dbd9f1a0,0.5300,2026-02-28 19:47:44.930798+00:00
361.00,2026-02-28T19:47:38.742437Z,0.4800,yes,KXKHAMENEIOUT-AKHA-26JUL01,b8ed4533-acaa-55f2-2d24-e036361f2c86,0.5200,2026-02-28 19:47:38.742437+00:00
10.00,2026-02-28T19:47:38.742437Z,0.4800,yes,KXKHAMENEIOUT-AKHA-26JUL01,35c74b01-6bce-563a-3c9f-7c9d4b54e4ab,0.5200,2026-02-28 19:47:38.742437+00:00
549.00,2026-02-28T19:47:38.742437Z,0.4700,yes,KXKHAMENEIOUT-AKHA-26JUL01,1d8297b1-931d-5525-0da2-b7d2af67a674,0.5300,2026-02-28 19:47:38.742437+00:00
241.00,2026-02-28T19:47:36.159757Z,0.4900,no,KXKHAMENEIOUT-AKHA-26JUL01,ffc9ec73-9666-600b-26fc-76dfcae05649,0.5100,2026-02-28 19:47:36.159757+00:00
18.00,2026-02-28T19:47:32.820273Z,0.4800,yes,KXKHAMENEIOUT-AKHA-26JUL01,b5f2568b-8b8a-4126-4f65-13eb33bd5987,0.5200,2026-02-28 19:47:32.820273+00:00
37.00,2026-02-28T19:47:29.683361Z,0.4800,yes,KXKHAMENEIOUT-AKHA-26JUL01,3e2e24c5-61b6-4f3e-d380-c8a5c664ef73,0.5200,2026-02-28 19:47:29.683361+00:00
3.00,2026-02-28T19:47:28.088561Z,0.4800,yes,KXKHAMENEIOUT-AKHA-26JUL01,1c10f952-d046-6206-1907-32e17218d357,0.5200,2026-02-28 19:47:28.088561+00:00
930.00,2026-02-28T19:47:27.345265Z,0.4800,yes,KXKHAMENEIOUT-AKHA-26JUL01,9f0ab9ae-6cae-59da-26a5-2fabeead162f,0.5200,2026-02-28 19:47:27.345265+00:00
186.00,2026-02-28T19:47:26.647325Z,0.4800,yes,KXKHAMENEIOUT-AKHA-26JUL01,878bc3af-2cfa-7656-b0bf-4141750c8977,0.5200,2026-02-28 19:47:26.647325+00:00
33.00,2026-02-28T19:47:22.873167Z,0.4900,no,KXKHAMENEIOUT-AKHA-26JUL01,cad90878-b07e-6c4f-1403-0fb27e69fe45,0.5100,2026-02-28 19:47:22.873167+00:00
9.00,2026-02-28T19:47:22.406311Z,0.4800,yes,KXKHAMENEIOUT-AKHA-26JUL01,1deedd29-f48e-7c72-779f-efca4a0c8d87,0.5200,2026-02-28 19:47:22.406311+00:00
37.00,2026-02-28T19:47:21.912362Z,0.4800,yes,KXKHAMENEIOUT-AKHA-26JUL01,5c063933-551a-75ba-a0d1-2e3379c6a933,0.5200,2026-02-28 19:47:21.912362+00:00
9.00,2026-02-28T19:47:18.712221Z,0.4800,yes,KXKHAMENEIOUT-AKHA-26JUL01,daaf6c7d-b666-4fc2-a1cf-9853b4d0d183,0.5200,2026-02-28 19:47:18.712221+00:00
465.00,2026-02-28T19:47:17.412272Z,0.4800,yes,KXKHAMENEIOUT-AKHA-26JUL01,fef73edf-56f2-660a-7760-4ae4780949af,0.5200,2026-02-28 19:47:17.412272+00:00
964.00,2026-02-28T19:47:16.163174Z,0.4900,no,KXKHAMENEIOUT-AKHA-26JUL01,9717bdc3-579a-6ceb-38dd-bd9d53e29455,0.5100,2026-02-28 19:47:16.163174+00:00
1.00,2026-02-28T19:47:15.941173Z,0.4800,yes,KXKHAMENEIOUT-AKHA-26JUL01,55b3710e-fae2-43fa-24f2-c68e00f7663f,0.5200,2026-02-28 19:47:15.941173+00:00
3.00,2026-02-28T19:47:14.246064Z,0.4800,yes,KXKHAMENEIOUT-AKHA-26JUL01,62151b6d-877e-5a0a-05c7-2c462336a073,0.5200,2026-02-28 19:47:14.246064+00:00
27.00,2026-02-28T19:47:13.598823Z,0.4800,yes,KXKHAMENEIOUT-AKHA-26JUL01,d374487c-a1c6-4ade-4f33-871a6be6d4df,0.5200,2026-02-28 19:47:13.598823+00:00
37.00,2026-02-28T19:47:09.246879Z,0.4800,yes,KXKHAMENEIOUT-AKHA-26JUL01,c65ba781-53b2-4b66-33d2-6c0e411fcebb,0.5200,2026-02-28 19:47:09.246879+00:00
372.00,2026-02-28T19:47:02.545428Z,0.4800,yes,KXKHAMENEIOUT-AKHA-26JUL01,0fa50574-d3da-54ce-19f8-6df6435466b3,0.5200,2026-02-28 19:47:02.545428+00:00
186.00,2026-02-28T19:47:02.281419Z,0.4800,yes,KXKHAMENEIOUT-AKHA-26JUL01,a3ed81e8-dcaa-4afa-f31e-9f40f1460acf,0.5200,2026-02-28 19:47:02.281419+00:00
65.00,2026-02-28T19:47:02.167905Z,0.4800,yes,KXKHAMENEIOUT-AKHA-26JUL01,f0494717-7b9e-78ca-107e-ca631858d513,0.5200,2026-02-28 19:47:02.167905+00:00
18.00,2026-02-28T19:46:59.114996Z,0.4800,yes,KXKHAMENEIOUT-AKHA-26JUL01,2678b67d-28aa-4ed2-10e4-bdcaa15fa57b,0.5200,2026-02-28 19:46:59.114996+00:00
37.00,2026-02-28T19:46:56.823762Z,0.4800,yes,KXKHAMENEIOUT-AKHA-26JUL01,2e67889a-549e-48d6-dfc7-4a15bb9d6ba7,0.5200,2026-02-28 19:46:56.823762+00:00
18.00,2026-02-28T19:46:56.263887Z,0.4800,yes,KXKHAMENEIOUT-AKHA-26JUL01,f0d3884f-f7e6-47fa-4451-d8b01581107b,0.5200,2026-02-28 19:46:56.263887+00:00
22.00,2026-02-28T19:46:55.676718Z,0.4800,yes,KXKHAMENEIOUT-AKHA-26JUL01,2cc8397c-b5be-496a-d695-abea745a84e7,0.5200,2026-02-28 19:46:55.676718+00:00
1000.00,2026-02-28T19:46:54.158666Z,0.4800,yes,KXKHAMENEIOUT-AKHA-26JUL01,729fc3b0-480e-4c62-9d0f-41f7fe39f7b7,0.5200,2026-02-28 19:46:54.158666+00:00
2510.00,2026-02-28T19:46:53.113717Z,0.4800,yes,KXKHAMENEIOUT-AKHA-26JUL01,6ac1d85b-49da-5f7a-bf84-ca54cb552cef,0.5200,2026-02-28 19:46:53.113717+00:00
490.00,2026-02-28T19:46:53.113717Z,0.4800,yes,KXKHAMENEIOUT-AKHA-26JUL01,10505bc6-850b-57ae-8a54-2397a948e526,0.5200,2026-02-28 19:46:53.113717+00:00
20.00,2026-02-28T19:46:52.888786Z,0.4800,yes,KXKHAMENEIOUT-AKHA-26JUL01,a84517db-c973-5e1e-4fd0-14f7d2891b6a,0.5200,2026-02-28 19:46:52.888786+00:00
9.00,2026-02-28T19:46:52.449336Z,0.4800,yes,KXKHAMENEIOUT-AKHA-26JUL01,c22e8935-1faf-4d6e-31e5-d198bbaafb0e,0.5200,2026-02-28 19:46:52.449336+00:00
65.00,2026-02-28T19:46:50.107055Z,0.4800,yes,KXKHAMENEIOUT-AKHA-26JUL01,b8cb5271-6a33-59a2-e75a-ee0cb245c72a,0.5200,2026-02-28 19:46:50.107055+00:00
1.00,2026-02-28T19:46:48.862872Z,0.4800,yes,KXKHAMENEIOUT-AKHA-26JUL01,81b82deb-c5e3-5baa-ecef-2475496bf93a,0.5200,2026-02-28 19:46:48.862872+00:00
93.00,2026-02-28T19:46:47.901585Z,0.4800,yes,KXKHAMENEIOUT-AKHA-26JUL01,c8c3fd5e-ba07-4046-b389-0029afb9817e,0.5200,2026-02-28 19:46:47.901585+00:00
186.00,2026-02-28T19:46:44.349493Z,0.4800,yes,KXKHAMENEIOUT-AKHA-26JUL01,86cb6641-a3bb-427a-a29a-daca80a3c9b6,0.5200,2026-02-28 19:46:44.349493+00:00
18.00,2026-02-28T19:46:44.229668Z,0.4800,yes,KXKHAMENEIOUT-AKHA-26JUL01,3e074eab-d30f-780e-baf7-b4e89d781e3a,0.5200,2026-02-28 19:46:44.229668+00:00
5.00,2026-02-28T19:46:43.381046Z,0.4800,yes,KXKHAMENEIOUT-AKHA-26JUL01,88e7170d-2bbb-7806-98ff-8382e3768c66,0.5200,2026-02-28 19:46:43.381046+00:00
93.00,2026-02-28T19:46:43.243169Z,0.4800,yes,KXKHAMENEIOUT-AKHA-26JUL01,a04f0889-d25b-7a52-e5a0-15e4c28a4f92,0.5200,2026-02-28 19:46:43.243169+00:00
281.00,2026-02-28T19:46:39.924935Z,0.4900,no,KXKHAMENEIOUT-AKHA-26JUL01,b250f94f-b3d2-4f5b-818e-237e46ad79b9,0.5100,2026-02-28 19:46:39.924935+00:00
18.00,2026-02-28T19:46:39.117029Z,0.4800,yes,KXKHAMENEIOUT-AKHA-26JUL01,a2a19c1c-4a87-5076-ec21-75b9689b7622,0.5200,2026-02-28 19:46:39.117029+00:00
75.00,2026-02-28T19:46:36.896023Z,0.4800,yes,KXKHAMENEIOUT-AKHA-26JUL01,1ff4c82c-f117-44ae-5e98-66fdc82b464a,0.5200,2026-02-28 19:46:36.896023+00:00
37.00,2026-02-28T19:46:27.532914Z,0.4800,yes,KXKHAMENEIOUT-AKHA-26JUL01,57c3f606-27fb-6c62-2bb3-d409c4060ee6,0.5200,2026-02-28 19:46:27.532914+00:00
25.00,2026-02-28T19:46:27.449981Z,0.4900,no,KXKHAMENEIOUT-AKHA-26JUL01,d74ae37a-aac3-4ef3-d4f0-1c23eda56b3f,0.5100,2026-02-28 19:46:27.449981+00:00
32.00,2026-02-28T19:46:27.449981Z,0.4900,no,KXKHAMENEIOUT-AKHA-26JUL01,c275f637-b143-4ce1-c669-27f22c7ff0e8,0.5100,2026-02-28 19:46:27.449981+00:00
92.00,2026-02-28T19:46:27.449981Z,0.4900,no,KXKHAMENEIOUT-AKHA-26JUL01,7f280558-47fe-4bdc-c19a-a718b5a26073,0.5100,2026-02-28 19:46:27.449981+00:00
713.00,2026-02-28T19:46:27.449981Z,0.4900,no,KXKHAMENEIOUT-AKHA-26JUL01,05313395-4b96-45a7-d80e-0579248cfc09,0.5100,2026-02-28 19:46:27.449981+00:00
9.00,2026-02-28T19:46:20.140077Z,0.4800,yes,KXKHAMENEIOUT-AKHA-26JUL01,d036f565-4067-4b76-005a-9e0587d1e9c2,0.5200,2026-02-28 19:46:20.140077+00:00
4.00,2026-02-28T19:46:20.03436Z,0.4800,yes,KXKHAMENEIOUT-AKHA-26JUL01,4b8c7926-65eb-4efa-a21d-999c323f00e6,0.5200,2026-02-28 19:46:20.034360+00:00
65.00,2026-02-28T19:46:18.047413Z,0.4800,yes,KXKHAMENEIOUT-AKHA-26JUL01,de072c79-fbcf-5cae-db33-5b66cb498f0a,0.5200,2026-02-28 19:46:18.047413+00:00
18.00,2026-02-28T19:46:16.998988Z,0.4800,yes,KXKHAMENEIOUT-AKHA-26JUL01,834f8da7-b873-55aa-f05f-14742838fa46,0.5200,2026-02-28 19:46:16.998988+00:00
200.00,2026-02-28T19:46:11.485623Z,0.4800,yes,KXKHAMENEIOUT-AKHA-26JUL01,f263a1fe-48cb-7756-ca79-07b9117384de,0.5200,2026-02-28 19:46:11.485623+00:00
8.00,2026-02-28T19:46:09.718971Z,0.4900,no,KXKHAMENEIOUT-AKHA-26JUL01,5a558ed2-829e-6068-1844-4fbf6307301b,0.5100,2026-02-28 19:46:09.718971+00:00
372.00,2026-02-28T19:46:09.411691Z,0.4800,yes,KXKHAMENEIOUT-AKHA-26JUL01,85ee9efa-456f-67c2-7ef3-a5c205aa4e62,0.5200,2026-02-28 19:46:09.411691+00:00
139.00,2026-02-28T19:46:06.219929Z,0.4800,yes,KXKHAMENEIOUT-AKHA-26JUL01,ecd0d1f6-be07-6282-c3d5-19104f3f11b2,0.5200,2026-02-28 19:46:06.219929+00:00
18.00,2026-02-28T19:46:05.53265Z,0.4800,yes,KXKHAMENEIOUT-AKHA-26JUL01,430c8608-6133-750e-b0d8-431f40b2228e,0.5200,2026-02-28 19:46:05.532650+00:00
27.00,2026-02-28T19:46:04.63704Z,0.4800,yes,KXKHAMENEIOUT-AKHA-26JUL01,5f70c204-e2d3-5362-31cf-0de0f76d9542,0.5200,2026-02-28 19:46:04.637040+00:00
3.00,2026-02-28T19:46:04.099974Z,0.4800,yes,KXKHAMENEIOUT-AKHA-26JUL01,16bb0fc9-e0f3-6a92-cb70-b97db6c9bede,0.5200,2026-02-28 19:46:04.099974+00:00
120.00,2026-02-28T19:46:03.181625Z,0.4800,yes,KXKHAMENEIOUT-AKHA-26JUL01,31b116b1-89a7-5bf2-ba59-1d52bf95614a,0.5200,2026-02-28 19:46:03.181625+00:00
186.00,2026-02-28T19:46:01.673558Z,0.4800,yes,KXKHAMENEIOUT-AKHA-26JUL01,35484467-a6e3-6236-12bc-b029b8e316f6,0.5200,2026-02-28 19:46:01.673558+00:00
93.00,2026-02-28T19:46:00.438376Z,0.4800,yes,KXKHAMENEIOUT-AKHA-26JUL01,83e5d786-34bf-7786-5b1b-022475bb4fe6,0.5200,2026-02-28 19:46:00.438376+00:00
46.00,2026-02-28T19:45:59.32071Z,0.4800,yes,KXKHAMENEIOUT-AKHA-26JUL01,09ced0b0-b5df-7836-860d-731897f54886,0.5200,2026-02-28 19:45:59.320710+00:00
46.00,2026-02-28T19:45:58.464431Z,0.4800,yes,KXKHAMENEIOUT-AKHA-26JUL01,77351ff2-2b33-42be-882a-aa78bd189b06,0.5200,2026-02-28 19:45:58.464431+00:00
70.00,2026-02-28T19:45:58.240602Z,0.4800,yes,KXKHAMENEIOUT-AKHA-26JUL01,ec319513-1eab-7ede-6ab3-0b17d17ab9ee,0.5200,2026-02-28 19:45:58.240602+00:00
1.00,2026-02-28T19:45:57.025262Z,0.4800,yes,KXKHAMENEIOUT-AKHA-26JUL01,ca4dfcf9-7dcf-5796-1f09-5e2bed369222,0.5200,2026-02-28 19:45:57.025262+00:00
55.00,2026-02-28T19:45:56.943135Z,0.4800,yes,KXKHAMENEIOUT-AKHA-26JUL01,03bcf00c-dbc7-4dde-5429-58420d03b282,0.5200,2026-02-28 19:45:56.943135+00:00
9.00,2026-02-28T19:45:55.062857Z,0.4800,yes,KXKHAMENEIOUT-AKHA-26JUL01,bc6ea6fa-54cb-45ee-357a-6c408cb5afa2,0.5200,2026-02-28 19:45:55.062857+00:00
186.00,2026-02-28T19:45:54.726059Z,0.4800,yes,KXKHAMENEIOUT-AKHA-26JUL01,9c42b342-4b9b-7f72-c7c9-c56bb48422de,0.5200,2026-02-28 19:45:54.726059+00:00
10.00,2026-02-28T19:45:53.150318Z,0.4800,yes,KXKHAMENEIOUT-AKHA-26JUL01,a6ef3c52-2fa7-6da6-fa62-bc31ab8b756a,0.5200,2026-02-28 19:45:53.150318+00:00
74.00,2026-02-28T19:45:47.995677Z,0.4800,yes,KXKHAMENEIOUT-AKHA-26JUL01,a0ea470d-4d8f-5d8a-c242-554adbb1b332,0.5200,2026-02-28 19:45:47.995677+00:00
280.00,2026-02-28T19:45:47.051086Z,0.4800,yes,KXKHAMENEIOUT-AKHA-26JUL01,61c1f4c6-787b-5b86-fa27-5fbeba7e3f0a,0.5200,2026-02-28 19:45:47.051086+00:00
10.00,2026-02-28T19:45:45.017608Z,0.4800,yes,KXKHAMENEIOUT-AKHA-26JUL01,eb73c26b-0283-7abe-b301-de2476619c22,0.5200,2026-02-28 19:45:45.017608+00:00
37.00,2026-02-28T19:45:41.921875Z,0.4800,yes,KXKHAMENEIOUT-AKHA-26JUL01,6b212566-287f-7342-cc0a-613731c799e6,0.5200,2026-02-28 19:45:41.921875+00:00
2.00,2026-02-28T19:45:39.638615Z,0.5000,no,KXKHAMENEIOUT-AKHA-26JUL01,f5c44ee7-1f9a-4d99-4e91-456a6cc07838,0.5000,2026-02-28 19:45:39.638615+00:00
133.00,2026-02-28T19:45:37.197398Z,0.4800,yes,KXKHAMENEIOUT-AKHA-26JUL01,f18a64ea-4ef3-62d6-573c-071ded5b1c52,0.5200,2026-02-28 19:45:37.197398+00:00
16.00,2026-02-28T19:45:37.197398Z,0.4900,yes,KXKHAMENEIOUT-AKHA-26JUL01,d9aa8def-8758-6e4d-659e-4a48274ca0fc,0.5100,2026-02-28 19:45:37.197398+00:00
82.00,2026-02-28T19:45:31.020621Z,0.5000,no,KXKHAMENEIOUT-AKHA-26JUL01,d7ae4f52-4d46-74c9-8624-ad4328c014c4,0.5000,2026-02-28 19:45:31.020621+00:00
9.00,2026-02-28T19:45:26.524748Z,0.4900,yes,KXKHAMENEIOUT-AKHA-26JUL01,9608a0f2-da68-416e-f807-e3343252e769,0.5100,2026-02-28 19:45:26.524748+00:00
2.00,2026-02-28T19:45:23.268362Z,0.4800,yes,KXKHAMENEIOUT-AKHA-26JUL01,d89ea7d4-7f2b-7402-7139-033e10178ec6,0.5200,2026-02-28 19:45:23.268362+00:00
16.00,2026-02-28T19:45:23.268362Z,0.4900,yes,KXKHAMENEIOUT-AKHA-26JUL01,4fcb7a2a-1b2f-7b06-739c-ca91c5db3449,0.5100,2026-02-28 19:45:23.268362+00:00
9.00,2026-02-28T19:45:21.813904Z,0.4900,yes,KXKHAMENEIOUT-AKHA-26JUL01,3237d7af-6fc7-6472-af95-28b3a6bcf249,0.5100,2026-02-28 19:45:21.813904+00:00
93.00,2026-02-28T19:45:18.401553Z,0.4800,yes,KXKHAMENEIOUT-AKHA-26JUL01,010af5a9-14c3-6a12-6a05-cb45ab7003fa,0.5200,2026-02-28 19:45:18.401553+00:00
18.00,2026-02-28T19:45:15.905868Z,0.4800,yes,KXKHAMENEIOUT-AKHA-26JUL01,2c3d3fa5-efc7-578a-6251-1c669de6ac2a,0.5200,2026-02-28 19:45:15.905868+00:00
93.00,2026-02-28T19:45:12.316928Z,0.4800,yes,KXKHAMENEIOUT-AKHA-26JUL01,48a58a44-667f-7696-4d0f-7695985a60d2,0.5200,2026-02-28 19:45:12.316928+00:00
18.00,2026-02-28T19:45:11.268078Z,0.4800,yes,KXKHAMENEIOUT-AKHA-26JUL01,aee7d5f9-b947-4746-5db1-2ed62eb3dc12,0.5200,2026-02-28 19:45:11.268078+00:00
150.00,2026-02-28T19:45:10.17647Z,0.4800,yes,KXKHAMENEIOUT-AKHA-26JUL01,6e3d4fe7-9dbb-53f2-a5f9-99957db8444e,0.5200,2026-02-28 19:45:10.176470+00:00
1.00,2026-02-28T19:45:08.554656Z,0.4800,yes,KXKHAMENEIOUT-AKHA-26JUL01,a27cbf95-a30b-6a76-b675-e75a253203da,0.5200,2026-02-28 19:45:08.554656+00:00
9.00,2026-02-28T19:45:08.538545Z,0.4800,yes,KXKHAMENEIOUT-AKHA-26JUL01,14b232cb-b0ab-4c5e-ed80-962e48654086,0.5200,2026-02-28 19:45:08.538545+00:00
20.00,2026-02-28T19:45:07.064575Z,0.4900,no,KXKHAMENEIOUT-AKHA-26JUL01,facdff85-2f72-7ad1-de68-5153cbbc7f47,0.5100,2026-02-28 19:45:07.064575+00:00
295.00,2026-02-28T19:45:06.093499Z,0.4800,yes,KXKHAMENEIOUT-AKHA-26JUL01,a827be15-0843-7dd2-3ed9-54d14cb09152,0.5200,2026-02-28 19:45:06.093499+00:00
