count_fp,created_time,no_price_dollars,taker_side,ticker,trade_id,yes_price_dollars,ts_utc
50.00,2026-02-28T19:59:30.645752Z,0.4100,yes,KXKHAMENEIOUT-AKHA-26SEP01,9254a855-0d9d-7148-2313-c78607bc9c22,0.5900,2026-02-28 19:59:30.645752+00:00
80.00,2026-02-28T19:59:25.743505Z,0.4200,no,KXKHAMENEIOUT-AKHA-26SEP01,de43c99e-9927-787b-bed9-a374705ae912,0.5800,2026-02-28 19:59:25.743505+00:00
16.00,2026-02-28T19:59:17.147978Z,0.4200,no,KXKHAMENEIOUT-AKHA-26SEP01,953c4b91-61f7-460b-d3af-eba020bc4fea,0.5800,2026-02-28 19:59:17.147978+00:00
37.00,2026-02-28T19:59:08.736647Z,0.4200,no,KXKHAMENEIOUT-AKHA-26SEP01,9aac9d7d-2927-5dcb-1102-2713e60a825e,0.5800,2026-02-28 19:59:08.736647+00:00
164.00,2026-02-28T19:59:06.532193Z,0.4100,yes,KXKHAMENEIOUT-AKHA-26SEP01,07c2a3d6-196d-5204-d2f2-9892fb0f2dba,0.5900,2026-02-28 19:59:06.532193+00:00
46.00,2026-02-28T19:59:05.306645Z,0.4100,yes,KXKHAMENEIOUT-AKHA-26SEP01,9a804fda-9fcd-797c-bcd6-566fe40910aa,0.5900,2026-02-28 19:59:05.306645+00:00
245.00,2026-02-28T19:59:04.211084Z,0.4100,yes,KXKHAMENEIOUT-AKHA-26SEP01,fc165f4c-e1cd-4104-a34d-dad7e3bc1f7a,0.5900,2026-02-28 19:59:04.211084+00:00
4.00,2026-02-28T19:58:53.204063Z,0.4100,yes,KXKHAMENEIOUT-AKHA-26SEP01,386523c8-9efd-498c-9794-7c650c4cdca6,0.5900,2026-02-28 19:58:53.204063+00:00
41.00,2026-02-28T19:58:52.663171Z,0.4100,yes,KXKHAMENEIOUT-AKHA-26SEP01,412861bc-39a1-6808-c733-5b13a7a2b492,0.5900,2026-02-28 19:58:52.663171+00:00
321.00,2026-02-28T19:58:47.268828Z,0.4100,yes,KXKHAMENEIOUT-AKHA-26SEP01,e6ffa132-9aad-5c46-532a-426f27deb62e,0.5900,2026-02-28 19:58:47.268828+00:00
255.00,2026-02-28T19:58:47.268828Z,0.4100,yes,KXKHAMENEIOUT-AKHA-26SEP01,175670db-4d31-5368-6b41-298ef27d9e16,0.5900,2026-02-28 19:58:47.268828+00:00
16.00,2026-02-28T19:58:41.980642Z,0.4100,yes,KXKHAMENEIOUT-AKHA-26SEP01,2765ac35-358d-6aa2-a21a-8a937ab90746,0.5900,2026-02-28 19:58:41.980642+00:00
49.00,2026-02-28T19:58:37.190433Z,0.4100,yes,KXKHAMENEIOUT-AKHA-26SEP01,82725702-82f5-7092-6581-2129216c58e2,0.5900,2026-02-28 19:58:37.190433+00:00
8.00,2026-02-28T19:58:35.839521Z,0.4100,yes,KXKHAMENEIOUT-AKHA-26SEP01,1a79a7cf-bda9-5636-ebb7-2f6e823fea66,0.5900,2026-02-28 19:58:35.839521+00:00
7.00,2026-02-28T19:58:27.002943Z,0.4100,yes,KXKHAMENEIOUT-AKHA-26SEP01,9ae1d56f-d551-7342-b395-ece8830c1d86,0.5900,2026-02-28 19:58:27.002943+00:00
494.00,2026-02-28T19:58:10.365479Z,0.4100,yes,KXKHAMENEIOUT-AKHA-26SEP01,6ea5bd33-8a5d-476a-b53b-932e955fec1a,0.5900,2026-02-28 19:58:10.365479+00:00
247.00,2026-02-28T19:58:10.311153Z,0.4100,yes,KXKHAMENEIOUT-AKHA-26SEP01,aa254c7f-ca6d-6532-d909-f07becf5d4b2,0.5900,2026-02-28 19:58:10.311153+00:00
42.00,2026-02-28T19:57:41.53759Z,0.4100,yes,KXKHAMENEIOUT-AKHA-26SEP01,c2159223-3e45-7fbe-d548-9d1594cbf22e,0.5900,2026-02-28 19:57:41.537590+00:00
9.00,2026-02-28T19:57:30.22659Z,0.4200,no,KXKHAMENEIOUT-AKHA-26SEP01,f20e8ef1-09b7-6063-b290-dd5fc5337fae,0.5800,2026-02-28 19:57:30.226590+00:00
100.00,2026-02-28T19:57:26.587637Z,0.4100,yes,KXKHAMENEIOUT-AKHA-26SEP01,444d53df-b2ad-4f06-256b-c023fbde30a2,0.5900,2026-02-28 19:57:26.587637+00:00
16.00,2026-02-28T19:57:17.286235Z,0.4100,yes,KXKHAMENEIOUT-AKHA-26SEP01,962e0191-d595-6aae-3286-48f3133020ea,0.5900,2026-02-28 19:57:17.286235+00:00
83.00,2026-02-28T19:57:09.982288Z,0.4200,no,KXKHAMENEIOUT-AKHA-26SEP01,6a2fa791-a447-4a0f-6af6-cfab51fd6646,0.5800,2026-02-28 19:57:09.982288+00:00
372.00,2026-02-28T19:57:07.425176Z,0.4200,no,KXKHAMENEIOUT-AKHA-26SEP01,2eded71a-7a23-6f63-9368-f59b75b630ae,0.5800,2026-02-28 19:57:07.425176+00:00
100.00,2026-02-28T19:57:06.08204Z,0.4100,yes,KXKHAMENEIOUT-AKHA-26SEP01,03c27a8d-7361-53b2-dda2-7683de64670a,0.5900,2026-02-28 19:57:06.082040+00:00
7.00,2026-02-28T19:56:56.390136Z,0.4200,no,KXKHAMENEIOUT-AKHA-26SEP01,291f4b72-2713-460b-7c84-11501e72bc66,0.5800,2026-02-28 19:56:56.390136+00:00
16.00,2026-02-28T19:56:53.330301Z,0.4100,yes,KXKHAMENEIOUT-AKHA-26SEP01,28bafb6e-0931-6e46-bb8c-9ace5d507156,0.5900,2026-02-28 19:56:53.330301+00:00
329.00,2026-02-28T19:56:34.033269Z,0.4100,yes,KXKHAMENEIOUT-AKHA-26SEP01,61a1c238-86bd-5c92-dbfb-28754a0546ce,0.5900,2026-02-28 19:56:34.033269+00:00
1401.00,2026-02-28T19:56:29.091948Z,0.4100,yes,KXKHAMENEIOUT-AKHA-26SEP01,aed672e1-f7e9-7546-101a-4d3e0d349a0a,0.5900,2026-02-28 19:56:29.091948+00:00
217.00,2026-02-28T19:56:29.091948Z,0.4200,yes,KXKHAMENEIOUT-AKHA-26SEP01,a18daed3-8027-7305-1723-89c60bba935f,0.5800,2026-02-28 19:56:29.091948+00:00
5.00,2026-02-28T19:56:24.824261Z,0.4200,yes,KXKHAMENEIOUT-AKHA-26SEP01,1341a1ba-2ba3-6e95-aae1-4298e5e68c1b,0.5800,2026-02-28 19:56:24.824261+00:00
1398.00,2026-02-28T19:56:19.686321Z,0.4200,yes,KXKHAMENEIOUT-AKHA-26SEP01,b75e04bf-79a8-5ac2-a33f-f93059399432,0.5800,2026-02-28 19:56:19.686321+00:00
1058.00,2026-02-28T19:56:19.686321Z,0.4100,yes,KXKHAMENEIOUT-AKHA-26SEP01,180adaa4-9865-5fe2-8c2b-a56bb5b678be,0.5900,2026-02-28 19:56:19.686321+00:00
20.00,2026-02-28T19:56:10.414027Z,0.4200,yes,KXKHAMENEIOUT-AKHA-26SEP01,ba1fe1ce-04a0-78ca-91d8-f1ab20152e8a,0.5800,2026-02-28 19:56:10.414027+00:00
3.00,2026-02-28T19:56:09.677466Z,0.4200,yes,KXKHAMENEIOUT-AKHA-26SEP01,a43476ee-de84-4676-43c4-e5cddf30e326,0.5800,2026-02-28 19:56:09.677466+00:00
78.00,2026-02-28T19:56:04.415451Z,0.4200,yes,KXKHAMENEIOUT-AKHA-26SEP01,a2968478-222c-4cde-ee4d-c6cf32ac56f6,0.5800,2026-02-28 19:56:04.415451+00:00
3403.00,2026-02-28T19:55:55.550273Z,0.4200,yes,KXKHAMENEIOUT-AKHA-26SEP01,318304e9-4cb5-6517-4b83-9af19d84d0e3,0.5800,2026-02-28 19:55:55.550273+00:00
1501.00,2026-02-28T19:55:55.550273Z,0.4200,yes,KXKHAMENEIOUT-AKHA-26SEP01,0ca6ac51-2588-69f6-77ca-5b6d4a5007a2,0.5800,2026-02-28 19:55:55.550273+00:00
10.00,2026-02-28T19:55:48.945368Z,0.4200,yes,KXKHAMENEIOUT-AKHA-26SEP01,83a87b78-aded-7527-6dc2-af2b7cd56e93,0.5800,2026-02-28 19:55:48.945368+00:00
25.00,2026-02-28T19:55:43.606845Z,0.4200,yes,KXKHAMENEIOUT-AKHA-26SEP01,b4c427b9-b685-4d1f-f905-2df120ba5c9b,0.5800,2026-02-28 19:55:43.606845+00:00
16.00,2026-02-28T19:55:38.682369Z,0.4200,yes,KXKHAMENEIOUT-AKHA-26SEP01,21f420d9-a4f5-5333-2ee9-6f265f865cc7,0.5800,2026-02-28 19:55:38.682369+00:00
837.00,2026-02-28T19:55:34.54825Z,0.4200,yes,KXKHAMENEIOUT-AKHA-26SEP01,607a01f3-cb2d-7e7b-7fd5-87727a569ef3,0.5800,2026-02-28 19:55:34.548250+00:00
37.00,2026-02-28T19:55:31.831073Z,0.4600,no,KXKHAMENEIOUT-AKHA-26SEP01,48366509-4bd5-7c0b-6555-360a525c7a1a,0.5400,2026-02-28 19:55:31.831073+00:00
1.00,2026-02-28T19:55:09.104389Z,0.4200,yes,KXKHAMENEIOUT-AKHA-26SEP01,0fa9a1e9-78a5-63c3-53d9-c66f6ffa16eb,0.5800,2026-02-28 19:55:09.104389+00:00
27.00,2026-02-28T19:55:03.356444Z,0.4300,yes,KXKHAMENEIOUT-AKHA-26SEP01,d7236756-8f35-7b72-533b-7b99af7dc8c1,0.5700,2026-02-28 19:55:03.356444+00:00
55.00,2026-02-28T19:55:03.356444Z,0.4300,yes,KXKHAMENEIOUT-AKHA-26SEP01,b4b4a9cd-5b50-784a-67b5-ce1e51bef38b,0.5700,2026-02-28 19:55:03.356444+00:00
5.00,2026-02-28T19:55:03.356444Z,0.4300,yes,KXKHAMENEIOUT-AKHA-26SEP01,8ba1b6ff-5ead-7e3d-65a6-e934f3e4941f,0.5700,2026-02-28 19:55:03.356444+00:00
164.00,2026-02-28T19:55:03.356444Z,0.4200,yes,KXKHAMENEIOUT-AKHA-26SEP01,3013f4f8-3ea5-752f-48ae-0e11eae2e4ab,0.5800,2026-02-28 19:55:03.356444+00:00
18.00,2026-02-28T19:55:00.649975Z,0.4600,no,KXKHAMENEIOUT-AKHA-26SEP01,d0806d61-d289-4c7f-5091-4105dfab991a,0.5400,2026-02-28 19:55:00.649975+00:00
657.00,2026-02-28T19:54:55.017564Z,0.4600,no,KXKHAMENEIOUT-AKHA-26SEP01,f797f65c-2ef1-4267-18a0-2362b34d389a,0.5400,2026-02-28 19:54:55.017564+00:00
20.00,2026-02-28T19:54:55.017564Z,0.4500,no,KXKHAMENEIOUT-AKHA-26SEP01,b4a3362c-4044-4925-2b19-d8f2bbc04600,0.5500,2026-02-28 19:54:55.017564+00:00
290.00,2026-02-28T19:54:55.017564Z,0.4500,no,KXKHAMENEIOUT-AKHA-26SEP01,6815d786-60ca-464c-290c-65fa6d32a81c,0.5500,2026-02-28 19:54:55.017564+00:00
78.00,2026-02-28T19:54:49.363665Z,0.4400,yes,KXKHAMENEIOUT-AKHA-26SEP01,8cffba54-1973-6a26-b2fc-19647488314a,0.5600,2026-02-28 19:54:49.363665+00:00
93.00,2026-02-28T19:54:49.363665Z,0.4300,yes,KXKHAMENEIOUT-AKHA-26SEP01,4e3db536-1de9-6262-b659-1dae44cc9bed,0.5700,2026-02-28 19:54:49.363665+00:00
17.00,2026-02-28T19:54:36.200487Z,0.4400,yes,KXKHAMENEIOUT-AKHA-26SEP01,961cdd83-7217-4fe2-febc-758b499a7a3e,0.5600,2026-02-28 19:54:36.200487+00:00
5.00,2026-02-28T19:54:28.981859Z,0.4400,no,KXKHAMENEIOUT-AKHA-26SEP01,61ad866d-0fae-4eee-9441-b36645a49bc6,0.5600,2026-02-28 19:54:28.981859+00:00
366.00,2026-02-28T19:54:28.979096Z,0.4300,yes,KXKHAMENEIOUT-AKHA-26SEP01,819e8c0f-8b49-449a-7234-1352ca66ff51,0.5700,2026-02-28 19:54:28.979096+00:00
41.00,2026-02-28T19:54:13.861649Z,0.4200,yes,KXKHAMENEIOUT-AKHA-26SEP01,a7477b65-4471-6eff-cbef-b417189e1fbb,0.5800,2026-02-28 19:54:13.861649+00:00
6.00,2026-02-28T19:54:13.53191Z,0.4200,yes,KXKHAMENEIOUT-AKHA-26SEP01,ff046356-7cf1-533f-9df0-187245ca5be7,0.5800,2026-02-28 19:54:13.531910+00:00
340.00,2026-02-28T19:54:02.250665Z,0.4200,yes,KXKHAMENEIOUT-AKHA-26SEP01,c504a9c9-ffc9-5d26-1163-d7253b156104,0.5800,2026-02-28 19:54:02.250665+00:00
497.00,2026-02-28T19:54:02.250665Z,0.4200,yes,KXKHAMENEIOUT-AKHA-26SEP01,1020bb8d-9a19-51b3-34ac-057b1d68aa17,0.5800,2026-02-28 19:54:02.250665+00:00
142.00,2026-02-28T19:53:59.379484Z,0.4200,yes,KXKHAMENEIOUT-AKHA-26SEP01,c9e006d3-8842-53d1-160f-16fcfdbe7945,0.5800,2026-02-28 19:53:59.379484+00:00
58.00,2026-02-28T19:53:59.379484Z,0.4200,yes,KXKHAMENEIOUT-AKHA-26SEP01,26393d2e-12ad-534e-3678-e659481e54e4,0.5800,2026-02-28 19:53:59.379484+00:00
10.00,2026-02-28T19:53:54.438232Z,0.4300,no,KXKHAMENEIOUT-AKHA-26SEP01,c139a4b4-c903-7e17-afa9-4fe37596a17b,0.5700,2026-02-28 19:53:54.438232+00:00
1674.00,2026-02-28T19:53:54.217301Z,0.4200,yes,KXKHAMENEIOUT-AKHA-26SEP01,46d1324b-3112-7635-405f-aaedba67ceb5,0.5800,2026-02-28 19:53:54.217301+00:00
200.00,2026-02-28T19:53:41.831341Z,0.4200,yes,KXKHAMENEIOUT-AKHA-26SEP01,4cf8ffb2-dbda-6bad-d512-bed497b04379,0.5800,2026-02-28 19:53:41.831341+00:00
477.00,2026-02-28T19:53:36.578651Z,0.4200,yes,KXKHAMENEIOUT-AKHA-26SEP01,c0aa6d41-e2c2-5721-3b2f-26db3f5b487d,0.5800,2026-02-28 19:53:36.578651+00:00
15.00,2026-02-28T19:53:30.322899Z,0.4300,no,KXKHAMENEIOUT-AKHA-26SEP01,9e066f03-f6bb-6b4f-fb84-51212134fc97,0.5700,2026-02-28 19:53:30.322899+00:00
83.00,2026-02-28T19:53:23.229087Z,0.4200,yes,KXKHAMENEIOUT-AKHA-26SEP01,abfbfe7d-401e-481d-8282-f6f8188ce5cd,0.5800,2026-02-28 19:53:23.229087+00:00
16.00,2026-02-28T19:53:16.10014Z,0.4300,no,KXKHAMENEIOUT-AKHA-26SEP01,4ae05253-e7ab-4087-f61b-0263f4129fef,0.5700,2026-02-28 19:53:16.100140+00:00
2.00,2026-02-28T19:53:03.232415Z,0.4300,no,KXKHAMENEIOUT-AKHA-26SEP01,7e5fcd95-9cd7-6043-a3e8-a21cb93744ab,0.5700,2026-02-28 19:53:03.232415+00:00
4266.00,2026-02-28T19:53:01.084464Z,0.4200,yes,KXKHAMENEIOUT-AKHA-26SEP01,b91cb6f2-fbd2-6491-8764-9d12884a2c09,0.5800,2026-02-28 19:53:01.084464+00:00
1.00,2026-02-28T19:52:59.754476Z,0.4200,yes,KXKHAMENEIOUT-AKHA-26SEP01,79fe06ea-2d42-41bd-7477-aff5686b39bd,0.5800,2026-02-28 19:52:59.754476+00:00
8.00,2026-02-28T19:52:49.749928Z,0.4200,yes,KXKHAMENEIOUT-AKHA-26SEP01,9ea96d29-aa72-733d-47ba-7e144479a055,0.5800,2026-02-28 19:52:49.749928+00:00
5.00,2026-02-28T19:52:47.688496Z,0.4200,yes,KXKHAMENEIOUT-AKHA-26SEP01,1b13e98b-5656-713d-3e7d-724f4ee8cc95,0.5800,2026-02-28 19:52:47.688496+00:00
83.00,2026-02-28T19:52:44.851908Z,0.4200,yes,KXKHAMENEIOUT-AKHA-26SEP01,548aefea-08ea-4081-9524-567a6fc97ad1,0.5800,2026-02-28 19:52:44.851908+00:00
33.00,2026-02-28T19:52:41.933474Z,0.4300,no,KXKHAMENEIOUT-AKHA-26SEP01,8a30240a-b750-5fa4-2e0a-51b619f5f9d4,0.5700,2026-02-28 19:52:41.933474+00:00
216.00,2026-02-28T19:52:39.699823Z,0.4300,no,KXKHAMENEIOUT-AKHA-26SEP01,8e88abec-1fcc-503c-d70d-bbb59fe32430,0.5700,2026-02-28 19:52:39.699823+00:00
100.00,2026-02-28T19:52:33.983788Z,0.4300,no,KXKHAMENEIOUT-AKHA-26SEP01,f70dd8b1-b5bc-5f54-2655-375a38726094,0.5700,2026-02-28 19:52:33.983788+00:00
333.00,2026-02-28T19:52:28.434099Z,0.4200,yes,KXKHAMENEIOUT-AKHA-26SEP01,1290d577-4f1e-7819-9623-8535d35681b5,0.5800,2026-02-28 19:52:28.434099+00:00
100.00,2026-02-28T19:52:27.746442Z,0.4200,yes,KXKHAMENEIOUT-AKHA-26SEP01,ebd7ecf6-d20e-6799-89a6-89a081050595,0.5800,2026-02-28 19:52:27.746442+00:00
23.00,2026-02-28T19:52:18.930532Z,0.4300,no,KXKHAMENEIOUT-AKHA-26SEP01,51667594-c544-5364-ae78-dfe20170aef4,0.5700,2026-02-28 19:52:18.930532+00:00
16.00,2026-02-28T19:52:08.68717Z,0.4200,yes,KXKHAMENEIOUT-AKHA-26SEP01,5ac386d8-8b3a-7a8d-60f2-67edfd14c845,0.5800,2026-02-28 19:52:08.687170+00:00
166.00,2026-02-28T19:52:04.025865Z,0.4200,yes,KXKHAMENEIOUT-AKHA-26SEP01,25c13235-3276-40f9-aa91-7a524763b6c5,0.5800,2026-02-28 19:52:04.025865+00:00
1142.00,2026-02-28T19:52:00.868868Z,0.4300,yes,KXKHAMENEIOUT-AKHA-26SEP01,d047dfcb-7018-5dd8-c20f-737fc7d9352e,0.5700,2026-02-28 19:52:00.868868+00:00
730.00,2026-02-28T19:52:00.868868Z,0.4300,yes,KXKHAMENEIOUT-AKHA-26SEP01,cbee24b1-1df9-511e-df1e-3d728e613a00,0.5700,2026-02-28 19:52:00.868868+00:00
5.00,2026-02-28T19:52:00.868868Z,0.4300,yes,KXKHAMENEIOUT-AKHA-26SEP01,91ec7cf9-4d5c-5b03-e373-22b7a417ffda,0.5700,2026-02-28 19:52:00.868868+00:00
111.00,2026-02-28T19:52:00.868868Z,0.4300,yes,KXKHAMENEIOUT-AKHA-26SEP01,6960f236-89d3-5fc5-f776-738e535b8165,0.5700,2026-02-28 19:52:00.868868+00:00
5.00,2026-02-28T19:51:59.361308Z,0.4400,no,KXKHAMENEIOUT-AKHA-26SEP01,d63cf143-4134-548e-0483-b5bff9b54459,0.5600,2026-02-28 19:51:59.361308+00:00
63.00,2026-02-28T19:51:59.361308Z,0.4500,no,KXKHAMENEIOUT-AKHA-26SEP01,0c4b81ff-70b7-5e1b-237c-180d494666bf,0.5500,2026-02-28 19:51:59.361308+00:00
2.00,2026-02-28T19:51:58.254095Z,0.4300,yes,KXKHAMENEIOUT-AKHA-26SEP01,cb63041f-fea8-5ecc-4a83-6508ba685992,0.5700,2026-02-28 19:51:58.254095+00:00
119.00,2026-02-28T19:51:52.695431Z,0.4300,yes,KXKHAMENEIOUT-AKHA-26SEP01,babd3b2f-adcc-75b8-aa2b-f41d3001cc46,0.5700,2026-02-28 19:51:52.695431+00:00
425.00,2026-02-28T19:51:38.835756Z,0.4300,yes,KXKHAMENEIOUT-AKHA-26SEP01,11703794-7538-4f00-a6c3-b606220fbd26,0.5700,2026-02-28 19:51:38.835756+00:00
48.00,2026-02-28T19:51:30.555058Z,0.4500,no,KXKHAMENEIOUT-AKHA-26SEP01,fc158b73-d0ff-573b-5543-30200d98eeff,0.5500,2026-02-28 19:51:30.555058+00:00
182.00,2026-02-28T19:51:18.936234Z,0.4500,no,KXKHAMENEIOUT-AKHA-26SEP01,fdfa08ed-e707-44b5-d0a8-b2535359ddc7,0.5500,2026-02-28 19:51:18.936234+00:00
100.00,2026-02-28T19:51:18.936234Z,0.4500,no,KXKHAMENEIOUT-AKHA-26SEP01,d358bb58-abd0-4b93-ff83-237e3ab0c8e6,0.5500,2026-02-28 19:51:18.936234+00:00
510.00,2026-02-28T19:51:18.936234Z,0.4500,no,KXKHAMENEIOUT-AKHA-26SEP01,ad97b7fd-50db-49cb-d9cc-2813e4e69233,0.5500,2026-02-28 19:51:18.936234+00:00
7.00,2026-02-28T19:51:18.936234Z,0.4400,no,KXKHAMENEIOUT-AKHA-26SEP01,938bfa29-8eb5-4433-f7c8-2dd8bf1c0360,0.5600,2026-02-28 19:51:18.936234+00:00
250.00,2026-02-28T19:51:18.936234Z,0.4400,no,KXKHAMENEIOUT-AKHA-26SEP01,4a4c6711-c185-4986-dd3f-42115f4e2061,0.5600,2026-02-28 19:51:18.936234+00:00
10.00,2026-02-28T19:51:18.936234Z,0.4500,no,KXKHAMENEIOUT-AKHA-26SEP01,476499d8-5936-45ef-d998-c32208948bb5,0.5500,2026-02-28 19:51:18.936234+00:00
309.00,2026-02-28T19:51:18.936234Z,0.4500,no,KXKHAMENEIOUT-AKHA-26SEP01,036a4ce8-3ce5-4205-c17e-9e04116cecc4,0.5500,2026-02-28 19:51:18.936234+00:00
34.00,2026-02-28T19:51:14.200336Z,0.4300,yes,KXKHAMENEIOUT-AKHA-26SEP01,32a434ec-9d48-7d78-e92a-c230044ed062,0.5700,2026-02-28 19:51:14.200336+00:00
1000.00,2026-02-28T19:51:04.270771Z,0.4400,no,KXKHAMENEIOUT-AKHA-26SEP01,b3cc4607-f7e4-78d8-05d7-452648287237,0.5600,2026-02-28 19:51:04.270771+00:00
727.00,2026-02-28T19:51:04.129087Z,0.4400,no,KXKHAMENEIOUT-AKHA-26SEP01,e4503361-6f99-7475-9308-e11144697ce6,0.5600,2026-02-28 19:51:04.129087+00:00
5.00,2026-02-28T19:51:04.129087Z,0.4400,no,KXKHAMENEIOUT-AKHA-26SEP01,83f1c21d-797d-74d7-a641-cf7d3eef9796,0.5600,2026-02-28 19:51:04.129087+00:00
94.00,2026-02-28T19:51:04.129087Z,0.4400,no,KXKHAMENEIOUT-AKHA-26SEP01,575325f3-ca38-7790-b595-f0826ece2687,0.5600,2026-02-28 19:51:04.129087+00:00
16.00,2026-02-28T19:50:57.05698Z,0.4300,yes,KXKHAMENEIOUT-AKHA-26SEP01,d5ad51bd-d988-5f8c-4eef-bd0d4682de86,0.5700,2026-02-28 19:50:57.056980+00:00
34.00,2026-02-28T19:50:55.225745Z,0.4300,yes,KXKHAMENEIOUT-AKHA-26SEP01,dcf899e9-6dd4-5a68-669b-6b892a412156,0.5700,2026-02-28 19:50:55.225745+00:00
42.00,2026-02-28T19:50:53.098505Z,0.4300,yes,KXKHAMENEIOUT-AKHA-26SEP01,068a7b0c-c5c0-67ec-5f6e-ab6416d958a6,0.5700,2026-02-28 19:50:53.098505+00:00
1.00,2026-02-28T19:50:44.404773Z,0.4300,yes,KXKHAMENEIOUT-AKHA-26SEP01,13727a3d-d95c-7124-0e1e-d35088f49232,0.5700,2026-02-28 19:50:44.404773+00:00
169.00,2026-02-28T19:50:43.224061Z,0.4300,yes,KXKHAMENEIOUT-AKHA-26SEP01,7f10e392-27ec-6a94-0a87-a7c24d30483e,0.5700,2026-02-28 19:50:43.224061+00:00
8.00,2026-02-28T19:50:27.811497Z,0.4300,yes,KXKHAMENEIOUT-AKHA-26SEP01,9b72300a-4d14-7670-846e-cc5d3b7011da,0.5700,2026-02-28 19:50:27.811497+00:00
334.00,2026-02-28T19:50:24.250742Z,0.4300,yes,KXKHAMENEIOUT-AKHA-26SEP01,76623389-07cc-74d8-5717-686fb05c9726,0.5700,2026-02-28 19:50:24.250742+00:00
5.00,2026-02-28T19:50:17.302774Z,0.4300,yes,KXKHAMENEIOUT-AKHA-26SEP01,7f7da098-31a0-4444-2bc4-c8abf89dacf6,0.5700,2026-02-28 19:50:17.302774+00:00
34.00,2026-02-28T19:50:16.986482Z,0.4300,yes,KXKHAMENEIOUT-AKHA-26SEP01,497ec2fc-c688-6a18-a4be-11d8ef6365d2,0.5700,2026-02-28 19:50:16.986482+00:00
85.00,2026-02-28T19:49:55.627511Z,0.4300,yes,KXKHAMENEIOUT-AKHA-26SEP01,84be4448-6ce8-6d38-b6e3-26794fe89afe,0.5700,2026-02-28 19:49:55.627511+00:00
193.00,2026-02-28T19:49:53.513657Z,0.4400,no,KXKHAMENEIOUT-AKHA-26SEP01,daa92e6d-bc81-7b5d-1497-8a12c05b6d9e,0.5600,2026-02-28 19:49:53.513657+00:00
25.00,2026-02-28T19:49:53.513657Z,0.4400,no,KXKHAMENEIOUT-AKHA-26SEP01,0719dba3-cdee-7fbb-30fd-ab2e7d46b30d,0.5600,2026-02-28 19:49:53.513657+00:00
8.00,2026-02-28T19:49:40.070165Z,0.4300,yes,KXKHAMENEIOUT-AKHA-26SEP01,68a66128-0158-508c-ff98-f2223a6600a2,0.5700,2026-02-28 19:49:40.070165+00:00
542.00,2026-02-28T19:49:32.670566Z,0.4300,no,KXKHAMENEIOUT-AKHA-26SEP01,e0d06fb9-802f-6fa3-6a02-502b4ecd7758,0.5700,2026-02-28 19:49:32.670566+00:00
334.00,2026-02-28T19:49:30.034907Z,0.4200,yes,KXKHAMENEIOUT-AKHA-26SEP01,278af724-826e-6d85-e830-93f02a5c3c29,0.5800,2026-02-28 19:49:30.034907+00:00
200.00,2026-02-28T19:49:17.000209Z,0.4300,no,KXKHAMENEIOUT-AKHA-26SEP01,a26445a5-2fa7-540f-b128-6fb5d53fba20,0.5700,2026-02-28 19:49:17.000209+00:00
418.00,2026-02-28T19:49:15.437275Z,0.4200,yes,KXKHAMENEIOUT-AKHA-26SEP01,58b94cd3-b506-606d-e846-be90c65016cd,0.5800,2026-02-28 19:49:15.437275+00:00
334.00,2026-02-28T19:49:10.881252Z,0.4200,yes,KXKHAMENEIOUT-AKHA-26SEP01,4eac9962-36ea-4559-2b70-25d5dd985921,0.5800,2026-02-28 19:49:10.881252+00:00
25.00,2026-02-28T19:49:07.824357Z,0.4200,yes,KXKHAMENEIOUT-AKHA-26SEP01,be0b2310-0eb6-5fd9-7639-c24040fb9cd9,0.5800,2026-02-28 19:49:07.824357+00:00
8.00,2026-02-28T19:49:00.239844Z,0.4200,yes,KXKHAMENEIOUT-AKHA-26SEP01,942f6c4c-a506-760d-6cc6-5da353734545,0.5800,2026-02-28 19:49:00.239844+00:00
229.00,2026-02-28T19:48:58.818582Z,0.4200,yes,KXKHAMENEIOUT-AKHA-26SEP01,d28dd44f-852a-6659-9df3-ab57d27f3f4d,0.5800,2026-02-28 19:48:58.818582+00:00
56.00,2026-02-28T19:48:55.122525Z,0.4200,yes,KXKHAMENEIOUT-AKHA-26SEP01,04fd8c81-78be-5bb9-f557-ca3665472595,0.5800,2026-02-28 19:48:55.122525+00:00
98.00,2026-02-28T19:48:35.732108Z,0.4300,no,KXKHAMENEIOUT-AKHA-26SEP01,b89c2a4c-700f-47e7-7567-9a3c1e7b199c,0.5700,2026-02-28 19:48:35.732108+00:00
41.00,2026-02-28T19:48:33.515615Z,0.4200,yes,KXKHAMENEIOUT-AKHA-26SEP01,774277ef-fdf2-7e8d-8311-1825f9a31675,0.5800,2026-02-28 19:48:33.515615+00:00
167.00,2026-02-28T19:48:21.411415Z,0.4200,yes,KXKHAMENEIOUT-AKHA-26SEP01,bba91d6c-2b0e-7161-cb5a-ff4315ce4821,0.5800,2026-02-28 19:48:21.411415+00:00
33.00,2026-02-28T19:48:20.091118Z,0.4200,yes,KXKHAMENEIOUT-AKHA-26SEP01,35c88b13-4d52-5291-0ab9-1985969cc3c9,0.5800,2026-02-28 19:48:20.091118+00:00
66.00,2026-02-28T19:48:12.873953Z,0.4200,yes,KXKHAMENEIOUT-AKHA-26SEP01,fa6b1cda-66e6-6149-56cf-64fabde985e5,0.5800,2026-02-28 19:48:12.873953+00:00
8.00,2026-02-28T19:48:09.777552Z,0.4200,yes,KXKHAMENEIOUT-AKHA-26SEP01,efd86773-d322-7efd-1fb0-342ad4d69727,0.5800,2026-02-28 19:48:09.777552+00:00
11.00,2026-02-28T19:48:09.777552Z,0.4200,yes,KXKHAMENEIOUT-AKHA-26SEP01,812cd1d7-2e74-7087-2e74-962da30c5c33,0.5800,2026-02-28 19:48:09.777552+00:00
735.00,2026-02-28T19:48:09.777552Z,0.4200,yes,KXKHAMENEIOUT-AKHA-26SEP01,4a2669bd-e2b6-717d-3d24-04db02fddee5,0.5800,2026-02-28 19:48:09.777552+00:00
79.00,2026-02-28T19:48:09.777552Z,0.4200,yes,KXKHAMENEIOUT-AKHA-26SEP01,07e7f5ec-c5cd-76c8-0515-2f41dda50e58,0.5800,2026-02-28 19:48:09.777552+00:00
8.00,2026-02-28T19:48:03.908708Z,0.4200,yes,KXKHAMENEIOUT-AKHA-26SEP01,6449bdb0-64c5-7800-8ed9-336be796b41c,0.5800,2026-02-28 19:48:03.908708+00:00
33.00,2026-02-28T19:47:57.899213Z,0.4200,yes,KXKHAMENEIOUT-AKHA-26SEP01,d00adadd-1bb1-551c-65f0-4ac4ac3f3710,0.5800,2026-02-28 19:47:57.899213+00:00
33.00,2026-02-28T19:47:03.731129Z,0.4200,yes,KXKHAMENEIOUT-AKHA-26SEP01,d33a5b64-d101-4ae0-f6ef-9e377d20c60c,0.5800,2026-02-28 19:47:03.731129+00:00
21.00,2026-02-28T19:47:02.386039Z,0.4400,no,KXKHAMENEIOUT-AKHA-26SEP01,00412858-4cae-589f-feb7-2d2798640329,0.5600,2026-02-28 19:47:02.386039+00:00
1.00,2026-02-28T19:47:01.70112Z,0.4200,yes,KXKHAMENEIOUT-AKHA-26SEP01,bc442c91-0d7d-74d0-9a1d-50eb74363144,0.5800,2026-02-28 19:47:01.701120+00:00
41.00,2026-02-28T19:46:54.008922Z,0.4200,yes,KXKHAMENEIOUT-AKHA-26SEP01,25084a93-3fc1-58b4-e711-d4e22caf606c,0.5800,2026-02-28 19:46:54.008922+00:00
83.00,2026-02-28T19:46:46.117875Z,0.4200,yes,KXKHAMENEIOUT-AKHA-26SEP01,ecf69bd7-f4f1-4e44-b250-e37b9ae9df10,0.5800,2026-02-28 19:46:46.117875+00:00
8.00,2026-02-28T19:46:39.28258Z,0.4200,yes,KXKHAMENEIOUT-AKHA-26SEP01,458c5d53-54d1-43ac-a479-4f2162c5b6f8,0.5800,2026-02-28 19:46:39.282580+00:00
33.00,2026-02-28T19:46:28.510774Z,0.4200,yes,KXKHAMENEIOUT-AKHA-26SEP01,97cffc46-916d-72f0-d265-6a2bbd82d214,0.5800,2026-02-28 19:46:28.510774+00:00
54.00,2026-02-28T19:46:09.478033Z,0.4400,no,KXKHAMENEIOUT-AKHA-26SEP01,950c2312-6056-6493-640b-919ca7935c65,0.5600,2026-02-28 19:46:09.478033+00:00
53.00,2026-02-28T19:46:02.741026Z,0.4200,yes,KXKHAMENEIOUT-AKHA-26SEP01,61dac30a-1d2d-5d90-0d0a-79d5a0864964,0.5800,2026-02-28 19:46:02.741026+00:00
12.00,2026-02-28T19:46:01.264067Z,0.4200,yes,KXKHAMENEIOUT-AKHA-26SEP01,110485bc-34f5-4b80-0124-58cf30b8d770,0.5800,2026-02-28 19:46:01.264067+00:00
8.00,2026-02-28T19:45:49.324324Z,0.4200,yes,KXKHAMENEIOUT-AKHA-26SEP01,972e737b-4a11-4c34-6bae-b5230b98ff04,0.5800,2026-02-28 19:45:49.324324+00:00
25.00,2026-02-28T19:45:34.324693Z,0.4200,yes,KXKHAMENEIOUT-AKHA-26SEP01,3dad6d08-3b55-4dac-ea42-75547e53a270,0.5800,2026-02-28 19:45:34.324693+00:00
2.00,2026-02-28T19:45:31.426045Z,0.4400,no,KXKHAMENEIOUT-AKHA-26SEP01,e969b6dd-fa3f-5752-0aff-6ed26de0ebac,0.5600,2026-02-28 19:45:31.426045+00:00
83.00,2026-02-28T19:45:21.372214Z,0.4200,yes,KXKHAMENEIOUT-AKHA-26SEP01,7aba9433-9905-5df8-cd57-c2b50bb979dc,0.5800,2026-02-28 19:45:21.372214+00:00
34.00,2026-02-28T19:45:13.678949Z,0.4300,yes,KXKHAMENEIOUT-AKHA-26SEP01,4a50fe64-1bc9-4df1-01d2-ec82dfccda48,0.5700,2026-02-28 19:45:13.678949+00:00
53.00,2026-02-28T19:45:12.953722Z,0.4500,no,KXKHAMENEIOUT-AKHA-26SEP01,85e612d2-288d-7d51-e831-a168c73d7150,0.5500,2026-02-28 19:45:12.953722+00:00
10.00,2026-02-28T19:45:11.464861Z,0.4300,yes,KXKHAMENEIOUT-AKHA-26SEP01,bef28fa9-cfcd-5bb5-0a7d-ab3af80ac150,0.5700,2026-02-28 19:45:11.464861+00:00
110.00,2026-02-28T19:44:59.049094Z,0.4500,no,KXKHAMENEIOUT-AKHA-26SEP01,f17cf357-c641-7579-169f-dd6508df4414,0.5500,2026-02-28 19:44:59.049094+00:00
1.00,2026-02-28T19:44:53.522Z,0.4400,no,KXKHAMENEIOUT-AKHA-26SEP01,b82bcc74-919f-62f2-b515-b346dd97645e,0.5600,2026-02-28 19:44:53.522000+00:00
28.00,2026-02-28T19:44:53.522Z,0.4500,no,KXKHAMENEIOUT-AKHA-26SEP01,90bd1e37-790d-6015-ad0a-e7c2eb949738,0.5500,2026-02-28 19:44:53.522000+00:00
22.00,2026-02-28T19:44:53.522Z,0.4500,no,KXKHAMENEIOUT-AKHA-26SEP01,16b465c3-70ee-60d6-bb62-563019bfea83,0.5500,2026-02-28 19:44:53.522000+00:00
17.00,2026-02-28T19:44:51.498826Z,0.4300,yes,KXKHAMENEIOUT-AKHA-26SEP01,9bedaf1f-c469-7df5-22e0-bfcaff42e7b8,0.5700,2026-02-28 19:44:51.498826+00:00
102.00,2026-02-28T19:44:44.283208Z,0.4300,yes,KXKHAMENEIOUT-AKHA-26SEP01,fca6d6d2-b9c9-73ad-7c58-30052aba9844,0.5700,2026-02-28 19:44:44.283208+00:00
250.00,2026-02-28T19:44:42.93331Z,0.4300,yes,KXKHAMENEIOUT-AKHA-26SEP01,320c5289-6885-4595-65cd-95811d16e27c,0.5700,2026-02-28 19:44:42.933310+00:00
2000.00,2026-02-28T19:44:40.610524Z,0.4400,no,KXKHAMENEIOUT-AKHA-26SEP01,5da08b20-eac8-4949-0590-091bf1d72a0d,0.5600,2026-02-28 19:44:40.610524+00:00
8.00,2026-02-28T19:44:27.79785Z,0.4300,yes,KXKHAMENEIOUT-AKHA-26SEP01,c1da2397-10f1-49c1-cd71-2fd36325c8b0,0.5700,2026-02-28 19:44:27.797850+00:00
42.00,2026-02-28T19:44:16.997441Z,0.4300,yes,KXKHAMENEIOUT-AKHA-26SEP01,5b1ca9bb-fb51-751d-dc86-4ecd4a80365c,0.5700,2026-02-28 19:44:16.997441+00:00
102.00,2026-02-28T19:44:07.811402Z,0.4300,yes,KXKHAMENEIOUT-AKHA-26SEP01,9eac9a97-4131-7875-5372-4481631036cc,0.5700,2026-02-28 19:44:07.811402+00:00
85.00,2026-02-28T19:44:04.89721Z,0.4300,yes,KXKHAMENEIOUT-AKHA-26SEP01,4b3330e1-b0ad-5e75-d179-b72ea228e0d0,0.5700,2026-02-28 19:44:04.897210+00:00
1703.00,2026-02-28T19:43:55.417205Z,0.4300,yes,KXKHAMENEIOUT-AKHA-26SEP01,ae7efcde-a51d-5769-d760-9731b5920430,0.5700,2026-02-28 19:43:55.417205+00:00
510.00,2026-02-28T19:43:54.345884Z,0.4300,yes,KXKHAMENEIOUT-AKHA-26SEP01,aaec0948-23b9-4f49-dc9b-e04823becfe4,0.5700,2026-02-28 19:43:54.345884+00:00
17.00,2026-02-28T19:43:45.262798Z,0.4300,yes,KXKHAMENEIOUT-AKHA-26SEP01,b99e8139-eed1-4b49-6074-4fd291d7d5e8,0.5700,2026-02-28 19:43:45.262798+00:00
803.00,2026-02-28T19:43:36.233915Z,0.4300,yes,KXKHAMENEIOUT-AKHA-26SEP01,836168c4-631d-7639-16d5-77f40b81b9e8,0.5700,2026-02-28 19:43:36.233915+00:00
338.00,2026-02-28T19:43:12.40678Z,0.4300,yes,KXKHAMENEIOUT-AKHA-26SEP01,6ae9c6ad-0ce1-7d8d-5e41-a26a52f63c60,0.5700,2026-02-28 19:43:12.406780+00:00
9.00,2026-02-28T19:43:08.562959Z,0.4300,yes,KXKHAMENEIOUT-AKHA-26SEP01,2c669c58-0b25-7cfd-7eb6-85447e9b56a8,0.5700,2026-02-28 19:43:08.562959+00:00
1.00,2026-02-28T19:43:06.853654Z,0.4500,no,KXKHAMENEIOUT-AKHA-26SEP01,53e4e22b-0626-5ce2-5fc1-2d79535bee03,0.5500,2026-02-28 19:43:06.853654+00:00
27.00,2026-02-28T19:43:05.970526Z,0.4500,no,KXKHAMENEIOUT-AKHA-26SEP01,3759c141-0366-6f52-f2c7-b3f84d87048f,0.5500,2026-02-28 19:43:05.970526+00:00
161.00,2026-02-28T19:42:52.812123Z,0.4300,yes,KXKHAMENEIOUT-AKHA-26SEP01,8a9bf1c7-f6bd-4f01-f13b-6de4bf803c5c,0.5700,2026-02-28 19:42:52.812123+00:00
170.00,2026-02-28T19:42:49.747907Z,0.4300,yes,KXKHAMENEIOUT-AKHA-26SEP01,de030412-fcad-5579-b5a3-732ef63b17c8,0.5700,2026-02-28 19:42:49.747907+00:00
437.00,2026-02-28T19:42:43.009249Z,0.4400,yes,KXKHAMENEIOUT-AKHA-26SEP01,c4043afb-9a0a-5a2a-00f3-670ae58b6a7d,0.5600,2026-02-28 19:42:43.009249+00:00
50.00,2026-02-28T19:42:43.009249Z,0.4300,yes,KXKHAMENEIOUT-AKHA-26SEP01,60ab432c-85aa-5c2e-0fa8-944b6e894b16,0.5700,2026-02-28 19:42:43.009249+00:00
371.00,2026-02-28T19:42:43.009249Z,0.4300,yes,KXKHAMENEIOUT-AKHA-26SEP01,566de41e-2f29-58b5-1b07-7240cd618fbc,0.5700,2026-02-28 19:42:43.009249+00:00
1.00,2026-02-28T19:42:31.874359Z,0.4400,yes,KXKHAMENEIOUT-AKHA-26SEP01,f96fb55b-d832-5896-8c9d-912192019bfd,0.5600,2026-02-28 19:42:31.874359+00:00
493.00,2026-02-28T19:42:21.547862Z,0.4400,yes,KXKHAMENEIOUT-AKHA-26SEP01,52cf0d85-dac2-7b16-c099-029a5fa9efd1,0.5600,2026-02-28 19:42:21.547862+00:00
362.00,2026-02-28T19:42:21.547862Z,0.4500,yes,KXKHAMENEIOUT-AKHA-26SEP01,46f27d66-2a33-7b03-dbbe-829d649da34e,0.5500,2026-02-28 19:42:21.547862+00:00
123.00,2026-02-28T19:42:01.449443Z,0.4500,yes,KXKHAMENEIOUT-AKHA-26SEP01,9e25a6b5-f4ef-6183-be5a-e37370bef392,0.5500,2026-02-28 19:42:01.449443+00:00
17.00,2026-02-28T19:41:52.796468Z,0.4500,yes,KXKHAMENEIOUT-AKHA-26SEP01,1809a2cd-d9bf-592b-98f5-12ba6a0ea752,0.5500,2026-02-28 19:41:52.796468+00:00
182.00,2026-02-28T19:41:52.317095Z,0.4500,yes,KXKHAMENEIOUT-AKHA-26SEP01,bb0bb38b-df4f-6167-26e4-6f8932b881a6,0.5500,2026-02-28 19:41:52.317095+00:00
200.00,2026-02-28T19:41:43.963972Z,0.4600,no,KXKHAMENEIOUT-AKHA-26SEP01,579cea0c-f2c9-602f-1840-c2a910cdae7a,0.5400,2026-02-28 19:41:43.963972+00:00
123.00,2026-02-28T19:41:28.330765Z,0.4500,yes,KXKHAMENEIOUT-AKHA-26SEP01,46aa5555-a423-7d8f-4f8d-f629534b3802,0.5500,2026-02-28 19:41:28.330765+00:00
176.00,2026-02-28T19:41:28.012581Z,0.4500,yes,KXKHAMENEIOUT-AKHA-26SEP01,3516c08c-6e77-5bc3-cf3c-8a7af2e79d72,0.5500,2026-02-28 19:41:28.012581+00:00
17.00,2026-02-28T19:41:19.740297Z,0.4500,yes,KXKHAMENEIOUT-AKHA-26SEP01,199fa5fd-34eb-62f3-90ba-8f89f2776c36,0.5500,2026-02-28 19:41:19.740297+00:00
81.00,2026-02-28T19:41:13.355931Z,0.4500,yes,KXKHAMENEIOUT-AKHA-26SEP01,dee58dcd-c5f6-65f6-4a86-5c7fd80f8f75,0.5500,2026-02-28 19:41:13.355931+00:00
69.00,2026-02-28T19:41:13.355931Z,0.4400,yes,KXKHAMENEIOUT-AKHA-26SEP01,d72abb48-431e-650e-6805-b3420c698645,0.5600,2026-02-28 19:41:13.355931+00:00
35.00,2026-02-28T19:41:13.355931Z,0.4500,yes,KXKHAMENEIOUT-AKHA-26SEP01,7708172a-1cd9-6eee-757b-b1f722a55e1d,0.5500,2026-02-28 19:41:13.355931+00:00
377.00,2026-02-28T19:41:13.355931Z,0.4500,yes,KXKHAMENEIOUT-AKHA-26SEP01,37b43fd8-9cae-6381-5ae4-9181cb5de554,0.5500,2026-02-28 19:41:13.355931+00:00
444.00,2026-02-28T19:41:13.355931Z,0.4500,yes,KXKHAMENEIOUT-AKHA-26SEP01,1855cd28-a1cf-651a-665d-9725593f2d7a,0.5500,2026-02-28 19:41:13.355931+00:00
132.00,2026-02-28T19:41:10.610648Z,0.4500,yes,KXKHAMENEIOUT-AKHA-26SEP01,886dfa15-7af3-6b82-dc3f-f285169342a6,0.5500,2026-02-28 19:41:10.610648+00:00
1762.00,2026-02-28T19:41:10.116197Z,0.4500,yes,KXKHAMENEIOUT-AKHA-26SEP01,b143fd17-e7eb-6c92-151e-625c44d16096,0.5500,2026-02-28 19:41:10.116197+00:00
352.00,2026-02-28T19:41:02.930492Z,0.4500,yes,KXKHAMENEIOUT-AKHA-26SEP01,eb64e73b-b943-73aa-f87f-8410183bb15e,0.5500,2026-02-28 19:41:02.930492+00:00
21.00,2026-02-28T19:40:56.990829Z,0.4600,no,KXKHAMENEIOUT-AKHA-26SEP01,eaa78280-56a1-7797-81ca-f143b1142486,0.5400,2026-02-28 19:40:56.990829+00:00
173.00,2026-02-28T19:40:33.08695Z,0.4500,yes,KXKHAMENEIOUT-AKHA-26SEP01,b371eeb7-4c3f-49e6-f186-d82d18424cf2,0.5500,2026-02-28 19:40:33.086950+00:00
86.00,2026-02-28T19:40:31.874795Z,0.4500,yes,KXKHAMENEIOUT-AKHA-26SEP01,594c8bb1-7bd7-7ce6-eb64-1fc76b9db5d6,0.5500,2026-02-28 19:40:31.874795+00:00
51.00,2026-02-28T19:40:18.981946Z,0.4500,yes,KXKHAMENEIOUT-AKHA-26SEP01,d1e73dcd-a227-6cae-1b01-e0c6d6848632,0.5500,2026-02-28 19:40:18.981946+00:00
66.00,2026-02-28T19:39:55.597745Z,0.4400,yes,KXKHAMENEIOUT-AKHA-26SEP01,4af26443-e3dd-5b57-5082-d202d5a38a52,0.5600,2026-02-28 19:39:55.597745+00:00
10.00,2026-02-28T19:39:55.597745Z,0.4400,yes,KXKHAMENEIOUT-AKHA-26SEP01,1f17be8b-69da-5ad6-5bd1-9bfeddec15d0,0.5600,2026-02-28 19:39:55.597745+00:00
10.00,2026-02-28T19:39:55.597745Z,0.4400,yes,KXKHAMENEIOUT-AKHA-26SEP01,194079b5-e100-5dc6-7899-fba6a1f0c843,0.5600,2026-02-28 19:39:55.597745+00:00
1.00,2026-02-28T19:39:47.050849Z,0.4400,yes,KXKHAMENEIOUT-AKHA-26SEP01,57fa234e-65f9-6ec7-2faf-64426cf59626,0.5600,2026-02-28 19:39:47.050849+00:00
866.00,2026-02-28T19:39:44.038893Z,0.4400,yes,KXKHAMENEIOUT-AKHA-26SEP01,c5928757-e6c5-5e8b-0dec-5aedc5d54b1e,0.5600,2026-02-28 19:39:44.038893+00:00
8.00,2026-02-28T19:39:39.03657Z,0.4400,yes,KXKHAMENEIOUT-AKHA-26SEP01,58bcb4d3-ad4d-70eb-f8ee-299e50b037ca,0.5600,2026-02-28 19:39:39.036570+00:00
17.00,2026-02-28T19:39:38.040713Z,0.4400,yes,KXKHAMENEIOUT-AKHA-26SEP01,7fa9caef-a085-5fe3-c923-3f0cff2b6a4a,0.5600,2026-02-28 19:39:38.040713+00:00
5.00,2026-02-28T19:39:26.789357Z,0.4700,no,KXKHAMENEIOUT-AKHA-26SEP01,6b2e8f80-8cdb-7229-cd58-e4cfec6d065a,0.5300,2026-02-28 19:39:26.789357+00:00
1.00,2026-02-28T19:39:26.789357Z,0.4500,no,KXKHAMENEIOUT-AKHA-26SEP01,61d00074-096e-74f4-f8a9-7d01a9bd9277,0.5500,2026-02-28 19:39:26.789357+00:00
122.00,2026-02-28T19:39:15.242783Z,0.4400,yes,KXKHAMENEIOUT-AKHA-26SEP01,acd4006c-6285-7377-228e-a5ee3bf37966,0.5600,2026-02-28 19:39:15.242783+00:00
882.00,2026-02-28T19:39:05.846544Z,0.4400,yes,KXKHAMENEIOUT-AKHA-26SEP01,e03abaac-7041-77a7-4801-ffeb9925bc56,0.5600,2026-02-28 19:39:05.846544+00:00
10.00,2026-02-28T19:38:49.101895Z,0.4400,yes,KXKHAMENEIOUT-AKHA-26SEP01,dd07b4c2-475d-7013-1a41-3ff381e9c042,0.5600,2026-02-28 19:38:49.101895+00:00
384.00,2026-02-28T19:38:48.905952Z,0.4400,yes,KXKHAMENEIOUT-AKHA-26SEP01,33e4c880-5519-4bcb-1dbd-e6f6d934c72a,0.5600,2026-02-28 19:38:48.905952+00:00
30.00,2026-02-28T19:38:44.755557Z,0.4700,no,KXKHAMENEIOUT-AKHA-26SEP01,a26094d5-19f7-5e7d-b2ae-cd9d97815d2a,0.5300,2026-02-28 19:38:44.755557+00:00
17.00,2026-02-28T19:38:32.018074Z,0.4400,yes,KXKHAMENEIOUT-AKHA-26SEP01,fb5470ea-8569-60db-e8fa-b7ee8e9a1c26,0.5600,2026-02-28 19:38:32.018074+00:00
100.00,2026-02-28T19:38:15.55761Z,0.4800,no,KXKHAMENEIOUT-AKHA-26SEP01,79c75601-78b6-79a1-d1dd-0f3484964c8f,0.5200,2026-02-28 19:38:15.557610+00:00
3.00,2026-02-28T19:38:15.55761Z,0.4700,no,KXKHAMENEIOUT-AKHA-26SEP01,1b89cd16-370c-7bf1-ce3d-6aae1cf1b448,0.5300,2026-02-28 19:38:15.557610+00:00
5.00,2026-02-28T19:38:03.066573Z,0.4400,yes,KXKHAMENEIOUT-AKHA-26SEP01,8e704fee-1d06-568e-eec2-5c4a71d35983,0.5600,2026-02-28 19:38:03.066573+00:00
5.00,2026-02-28T19:37:42.1885Z,0.4300,yes,KXKHAMENEIOUT-AKHA-26SEP01,5abd83e3-6af0-62ce-6fb8-7f352d3f2457,0.5700,2026-02-28 19:37:42.188500+00:00
8.00,2026-02-28T19:37:27.61818Z,0.4700,no,KXKHAMENEIOUT-AKHA-26SEP01,f056cadc-488a-797f-cb16-37d5cfc1e224,0.5300,2026-02-28 19:37:27.618180+00:00
5.00,2026-02-28T19:37:27.61818Z,0.4700,no,KXKHAMENEIOUT-AKHA-26SEP01,deba1d4f-6114-7474-dc78-c70fd381ad42,0.5300,2026-02-28 19:37:27.618180+00:00
9.00,2026-02-28T19:37:27.61818Z,0.4500,no,KXKHAMENEIOUT-AKHA-26SEP01,7496b37f-fc7b-7ab8-c57c-b1b9a4c70f96,0.5500,2026-02-28 19:37:27.618180+00:00
435.00,2026-02-28T19:37:27.61818Z,0.4800,no,KXKHAMENEIOUT-AKHA-26SEP01,2e661c63-a836-7739-f579-ee588f87ac4b,0.5200,2026-02-28 19:37:27.618180+00:00
168.00,2026-02-28T19:37:18.85816Z,0.4300,yes,KXKHAMENEIOUT-AKHA-26SEP01,6db45f0b-fa40-7a16-39b7-59d5c1ffa7d3,0.5700,2026-02-28 19:37:18.858160+00:00
121.00,2026-02-28T19:37:18.85816Z,0.4300,yes,KXKHAMENEIOUT-AKHA-26SEP01,11640367-52b9-792c-2ca5-ca25adb03f17,0.5700,2026-02-28 19:37:18.858160+00:00
10.00,2026-02-28T19:37:17.108077Z,0.4300,yes,KXKHAMENEIOUT-AKHA-26SEP01,ed9653d5-bb61-511c-4243-92d666601a5b,0.5700,2026-02-28 19:37:17.108077+00:00
1.00,2026-02-28T19:37:13.152781Z,0.4500,no,KXKHAMENEIOUT-AKHA-26SEP01,2e082748-461f-5d78-aa77-0ee8e759db8e,0.5500,2026-02-28 19:37:13.152781+00:00
33.00,2026-02-28T19:37:07.443697Z,0.4300,yes,KXKHAMENEIOUT-AKHA-26SEP01,30a3e13f-9f09-5ed0-4fc7-b9cfb0d51eef,0.5700,2026-02-28 19:37:07.443697+00:00
9.00,2026-02-28T19:37:07.216667Z,0.4300,yes,KXKHAMENEIOUT-AKHA-26SEP01,f37bb750-83dd-6b84-6bd7-18dde5d27d07,0.5700,2026-02-28 19:37:07.216667+00:00
4.00,2026-02-28T19:37:07.216667Z,0.4400,yes,KXKHAMENEIOUT-AKHA-26SEP01,7174ff77-a1e9-6364-64a6-c6c93c5ec864,0.5600,2026-02-28 19:37:07.216667+00:00
89.00,2026-02-28T19:37:01.740011Z,0.4800,no,KXKHAMENEIOUT-AKHA-26SEP01,ffca29fe-1f8e-5621-82c1-09480d781123,0.5200,2026-02-28 19:37:01.740011+00:00
11.00,2026-02-28T19:37:01.740011Z,0.4700,no,KXKHAMENEIOUT-AKHA-26SEP01,2cdea7a4-afba-5e48-81f0-d72a6cfafc8d,0.5300,2026-02-28 19:37:01.740011+00:00
2.00,2026-02-28T19:36:57.057322Z,0.4300,yes,KXKHAMENEIOUT-AKHA-26SEP01,d1bce72c-b875-5bc9-b5ee-7f31f5c24ccd,0.5700,2026-02-28 19:36:57.057322+00:00
1.00,2026-02-28T19:36:57.057322Z,0.4300,yes,KXKHAMENEIOUT-AKHA-26SEP01,84fbd946-f02d-5514-a6d4-0347209efa07,0.5700,2026-02-28 19:36:57.057322+00:00
10.00,2026-02-28T19:36:57.057322Z,0.4400,yes,KXKHAMENEIOUT-AKHA-26SEP01,0e7e4848-c8c4-54cc-a83b-6b2a86b79c7d,0.5600,2026-02-28 19:36:57.057322+00:00
2.00,2026-02-28T19:36:51.679978Z,0.4300,yes,KXKHAMENEIOUT-AKHA-26SEP01,c1793d05-bd21-65dd-d19b-5309045bacbd,0.5700,2026-02-28 19:36:51.679978+00:00
6.00,2026-02-28T19:36:51.679978Z,0.4600,yes,KXKHAMENEIOUT-AKHA-26SEP01,445890c6-5b81-6e8a-d7ef-f8b6663fddf2,0.5400,2026-02-28 19:36:51.679978+00:00
8.00,2026-02-28T19:36:40.216557Z,0.4800,no,KXKHAMENEIOUT-AKHA-26SEP01,e9281447-b7ae-4331-4bd0-ab7569afed67,0.5200,2026-02-28 19:36:40.216557+00:00
10.00,2026-02-28T19:36:40.039585Z,0.4800,no,KXKHAMENEIOUT-AKHA-26SEP01,fb12dc18-4b02-7c11-0e6a-5dc7f21f65b3,0.5200,2026-02-28 19:36:40.039585+00:00
317.00,2026-02-28T19:36:36.009761Z,0.4800,no,KXKHAMENEIOUT-AKHA-26SEP01,2cf053fb-225a-400d-1adb-18f98f44dc97,0.5200,2026-02-28 19:36:36.009761+00:00
7.00,2026-02-28T19:36:36.009761Z,0.4800,no,KXKHAMENEIOUT-AKHA-26SEP01,1417f7fd-2434-47cf-2834-34ac5d7a1948,0.5200,2026-02-28 19:36:36.009761+00:00
164.00,2026-02-28T19:35:49.819513Z,0.4200,yes,KXKHAMENEIOUT-AKHA-26SEP01,39586220-bc47-72c2-b31e-316c1c3d3d1e,0.5800,2026-02-28 19:35:49.819513+00:00
4.00,2026-02-28T19:35:33.722424Z,0.4200,yes,KXKHAMENEIOUT-AKHA-26SEP01,342b8e58-c3c2-52bf-1f8f-c8ab7c1e67e9,0.5800,2026-02-28 19:35:33.722424+00:00
12.00,2026-02-28T19:35:33.722424Z,0.4100,yes,KXKHAMENEIOUT-AKHA-26SEP01,2e623c02-ea01-5dca-3fb2-4f256548608a,0.5900,2026-02-28 19:35:33.722424+00:00
10.00,2026-02-28T19:35:29.47938Z,0.4900,no,KXKHAMENEIOUT-AKHA-26SEP01,e639ab6d-9286-4c3c-d492-7eb46e7cdf12,0.5100,2026-02-28 19:35:29.479380+00:00
22.00,2026-02-28T19:35:29.47938Z,0.4800,no,KXKHAMENEIOUT-AKHA-26SEP01,ad798fb1-cd42-478b-e4a9-59f155cff523,0.5200,2026-02-28 19:35:29.479380+00:00
7.00,2026-02-28T19:35:29.47938Z,0.4700,no,KXKHAMENEIOUT-AKHA-26SEP01,164eaf08-7fdf-4e10-fde5-a038f199fe63,0.5300,2026-02-28 19:35:29.479380+00:00
65.00,2026-02-28T19:35:16.891855Z,0.4100,yes,KXKHAMENEIOUT-AKHA-26SEP01,ef3e29e7-8f2d-466a-37dd-6136ba282106,0.5900,2026-02-28 19:35:16.891855+00:00
367.00,2026-02-28T19:35:16.725278Z,0.4900,no,KXKHAMENEIOUT-AKHA-26SEP01,facb128c-00fa-5590-3175-b06d6ed5128e,0.5100,2026-02-28 19:35:16.725278+00:00
8.00,2026-02-28T19:35:16.725278Z,0.4800,no,KXKHAMENEIOUT-AKHA-26SEP01,f921fa29-8e9e-59d1-1dbd-5dadb03cb422,0.5200,2026-02-28 19:35:16.725278+00:00
44.00,2026-02-28T19:35:16.725278Z,0.4800,no,KXKHAMENEIOUT-AKHA-26SEP01,8155d06a-915d-5eaa-0907-746bde671f75,0.5200,2026-02-28 19:35:16.725278+00:00
640.00,2026-02-28T19:35:16.725278Z,0.4900,no,KXKHAMENEIOUT-AKHA-26SEP01,6d9e9a81-445b-54fe-26d9-30c3f5a1805e,0.5100,2026-02-28 19:35:16.725278+00:00
719.00,2026-02-28T19:35:11.043175Z,0.4100,yes,KXKHAMENEIOUT-AKHA-26SEP01,abe96fa1-2e65-62e2-9561-1cff7bb5f3fe,0.5900,2026-02-28 19:35:11.043175+00:00
4.00,2026-02-28T19:35:11.043175Z,0.4200,yes,KXKHAMENEIOUT-AKHA-26SEP01,7812c3a0-a55d-6a6f-86b2-7590da07ac05,0.5800,2026-02-28 19:35:11.043175+00:00
69.00,2026-02-28T19:35:11.043175Z,0.4100,yes,KXKHAMENEIOUT-AKHA-26SEP01,6254235b-4f0f-6633-8f00-efef59e42577,0.5900,2026-02-28 19:35:11.043175+00:00
18.00,2026-02-28T19:35:11.043175Z,0.4100,yes,KXKHAMENEIOUT-AKHA-26SEP01,203aac6e-4de3-676f-ab4c-3a75e0a1db12,0.5900,2026-02-28 19:35:11.043175+00:00
46.00,2026-02-28T19:35:03.007596Z,0.4900,no,KXKHAMENEIOUT-AKHA-26SEP01,7792cf23-7d5b-565f-9c9b-ec73efa24bc6,0.5100,2026-02-28 19:35:03.007596+00:00
8.00,2026-02-28T19:35:03.007596Z,0.4800,no,KXKHAMENEIOUT-AKHA-26SEP01,6e764a23-15e8-55d1-be42-9fa6a9e42fc8,0.5200,2026-02-28 19:35:03.007596+00:00
7.00,2026-02-28T19:35:03.007596Z,0.4900,no,KXKHAMENEIOUT-AKHA-26SEP01,64d9b49d-7433-5033-80d2-3e3b6f4c35dd,0.5100,2026-02-28 19:35:03.007596+00:00
360.00,2026-02-28T19:35:03.007596Z,0.4900,no,KXKHAMENEIOUT-AKHA-26SEP01,279e64ac-25b3-5f26-bd24-2a3924c366d6,0.5100,2026-02-28 19:35:03.007596+00:00
3.00,2026-02-28T19:34:35.558022Z,0.4100,yes,KXKHAMENEIOUT-AKHA-26SEP01,8de619b4-8c13-62a3-2760-756759d8ac9b,0.5900,2026-02-28 19:34:35.558022+00:00
32.00,2026-02-28T19:34:29.36687Z,0.4100,yes,KXKHAMENEIOUT-AKHA-26SEP01,22725eac-852f-51d7-eb4d-df517402f0e3,0.5900,2026-02-28 19:34:29.366870+00:00
142.00,2026-02-28T19:34:24.148442Z,0.4100,yes,KXKHAMENEIOUT-AKHA-26SEP01,bea2f4c4-dfff-4b8b-e824-2442940d534f,0.5900,2026-02-28 19:34:24.148442+00:00
10.00,2026-02-28T19:33:54.122018Z,0.4300,no,KXKHAMENEIOUT-AKHA-26SEP01,e07de666-7c47-6f4c-ccdb-e5319798eced,0.5700,2026-02-28 19:33:54.122018+00:00
8.00,2026-02-28T19:33:54.122018Z,0.4300,no,KXKHAMENEIOUT-AKHA-26SEP01,afe5a354-bf1f-6091-c19e-198a9bfa69b9,0.5700,2026-02-28 19:33:54.122018+00:00
6.00,2026-02-28T19:33:54.122018Z,0.4500,no,KXKHAMENEIOUT-AKHA-26SEP01,8164e21b-a23b-640b-c2ef-6873d5ebf7f9,0.5500,2026-02-28 19:33:54.122018+00:00
7.00,2026-02-28T19:33:54.122018Z,0.4200,no,KXKHAMENEIOUT-AKHA-26SEP01,70f7e4d6-d23a-6e73-fe68-287e50d7cd95,0.5800,2026-02-28 19:33:54.122018+00:00
246.00,2026-02-28T19:33:54.122018Z,0.5100,no,KXKHAMENEIOUT-AKHA-26SEP01,59423a86-4fcd-616f-c96d-226f87d5c34b,0.4900,2026-02-28 19:33:54.122018+00:00
12.00,2026-02-28T19:33:54.122018Z,0.4800,no,KXKHAMENEIOUT-AKHA-26SEP01,272c5b23-dc28-644a-ed66-2239150bc1b6,0.5200,2026-02-28 19:33:54.122018+00:00
471.00,2026-02-28T19:32:54.012527Z,0.3800,yes,KXKHAMENEIOUT-AKHA-26SEP01,e65c22af-6d3c-6a38-1c08-7e74d0cb82b8,0.6200,2026-02-28 19:32:54.012527+00:00
378.00,2026-02-28T19:32:32.763666Z,0.3800,yes,KXKHAMENEIOUT-AKHA-26SEP01,e0f07467-0400-55b8-cda9-a6d7338ab8c0,0.6200,2026-02-28 19:32:32.763666+00:00
14.00,2026-02-28T19:32:32.763666Z,0.3800,yes,KXKHAMENEIOUT-AKHA-26SEP01,9d51473d-e277-556b-fdaa-3e917f06a422,0.6200,2026-02-28 19:32:32.763666+00:00
14.00,2026-02-28T19:32:03.921811Z,0.3800,yes,KXKHAMENEIOUT-AKHA-26SEP01,d4b9aae0-c2eb-45a0-ccc8-42a0e927eb7f,0.6200,2026-02-28 19:32:03.921811+00:00
1.00,2026-02-28T19:32:03.921811Z,0.3700,yes,KXKHAMENEIOUT-AKHA-26SEP01,41cc7230-898d-41eb-f245-bb700098a7fc,0.6300,2026-02-28 19:32:03.921811+00:00
270.00,2026-02-28T19:31:48.969881Z,0.3800,yes,KXKHAMENEIOUT-AKHA-26SEP01,b8a116a9-fc07-4fc7-11c3-36fd2e6d4712,0.6200,2026-02-28 19:31:48.969881+00:00
492.00,2026-02-28T19:31:48.969881Z,0.3700,yes,KXKHAMENEIOUT-AKHA-26SEP01,b2b86f82-c6d9-46c7-19d1-17eba8d54aac,0.6300,2026-02-28 19:31:48.969881+00:00
34.00,2026-02-28T19:31:39.348462Z,0.3800,yes,KXKHAMENEIOUT-AKHA-26SEP01,ac5e8f44-47df-5553-486c-a135f197ba26,0.6200,2026-02-28 19:31:39.348462+00:00
15.00,2026-02-28T19:31:02.680738Z,0.3800,yes,KXKHAMENEIOUT-AKHA-26SEP01,884ab658-1bf7-5b0b-7a8a-0ccc6315f72a,0.6200,2026-02-28 19:31:02.680738+00:00
8.00,2026-02-28T19:30:58.922314Z,0.4100,no,KXKHAMENEIOUT-AKHA-26SEP01,e4436a20-f01b-643b-535d-552863c458ca,0.5900,2026-02-28 19:30:58.922314+00:00
10.00,2026-02-28T19:30:58.922314Z,0.4100,no,KXKHAMENEIOUT-AKHA-26SEP01,e3154527-8378-6a4c-57e4-1c43c16c7ba7,0.5900,2026-02-28 19:30:58.922314+00:00
496.00,2026-02-28T19:30:58.922314Z,0.4200,no,KXKHAMENEIOUT-AKHA-26SEP01,af3b59a3-5b52-6301-6206-468848a8454b,0.5800,2026-02-28 19:30:58.922314+00:00
400.00,2026-02-28T19:30:58.922314Z,0.4100,no,KXKHAMENEIOUT-AKHA-26SEP01,a0a123a0-2256-6edc-67b1-303b56ca237a,0.5900,2026-02-28 19:30:58.922314+00:00
28.00,2026-02-28T19:30:58.922314Z,0.4200,no,KXKHAMENEIOUT-AKHA-26SEP01,908da0ef-a657-69ca-78cd-165430d8080c,0.5800,2026-02-28 19:30:58.922314+00:00
309.00,2026-02-28T19:30:58.922314Z,0.4200,no,KXKHAMENEIOUT-AKHA-26SEP01,8a49dd93-b8b4-67fa-6d83-8d8e4bd24e22,0.5800,2026-02-28 19:30:58.922314+00:00
10.00,2026-02-28T19:30:58.922314Z,0.4100,no,KXKHAMENEIOUT-AKHA-26SEP01,6f66f37d-47f8-6349-441a-3e3a2ad3c48d,0.5900,2026-02-28 19:30:58.922314+00:00
497.00,2026-02-28T19:30:58.922314Z,0.4100,no,KXKHAMENEIOUT-AKHA-26SEP01,682b4858-a8b2-6e63-73a8-4203e5477073,0.5900,2026-02-28 19:30:58.922314+00:00
4487.00,2026-02-28T19:30:58.922314Z,0.4200,no,KXKHAMENEIOUT-AKHA-26SEP01,4a5b9651-05a6-6a55-443b-c3f5d89c27ef,0.5800,2026-02-28 19:30:58.922314+00:00
158.00,2026-02-28T19:30:58.922314Z,0.4200,no,KXKHAMENEIOUT-AKHA-26SEP01,356ffb93-cabb-6cea-6579-b69a506c7548,0.5800,2026-02-28 19:30:58.922314+00:00
14.00,2026-02-28T19:30:58.922314Z,0.4200,no,KXKHAMENEIOUT-AKHA-26SEP01,2281d6dd-5429-6820-78ba-7b891ec7d031,0.5800,2026-02-28 19:30:58.922314+00:00
765.00,2026-02-28T19:30:45.987723Z,0.3800,yes,KXKHAMENEIOUT-AKHA-26SEP01,8670ca40-b2bf-6563-2390-06aaf3cfd9de,0.6200,2026-02-28 19:30:45.987723+00:00
36.00,2026-02-28T19:30:45.013971Z,0.4000,no,KXKHAMENEIOUT-AKHA-26SEP01,d77ccde1-e149-587f-303d-2e1c3b91939b,0.6000,2026-02-28 19:30:45.013971+00:00
1166.00,2026-02-28T19:30:45.013971Z,0.4000,no,KXKHAMENEIOUT-AKHA-26SEP01,b043d3fd-d9c9-5520-3fa6-7201f234320a,0.6000,2026-02-28 19:30:45.013971+00:00
5128.00,2026-02-28T19:30:45.013971Z,0.4000,no,KXKHAMENEIOUT-AKHA-26SEP01,a526b66a-e2a0-5eb3-010b-1a30148aa672,0.6000,2026-02-28 19:30:45.013971+00:00
796.00,2026-02-28T19:30:45.013971Z,0.4000,no,KXKHAMENEIOUT-AKHA-26SEP01,2224513e-082d-5c2b-2ec5-bb1a30f7caeb,0.6000,2026-02-28 19:30:45.013971+00:00
78.00,2026-02-28T19:30:08.960337Z,0.3800,yes,KXKHAMENEIOUT-AKHA-26SEP01,b79e27f8-8d73-45a7-d567-719b5dd40522,0.6200,2026-02-28 19:30:08.960337+00:00
155.00,2026-02-28T19:30:05.263121Z,0.3800,yes,KXKHAMENEIOUT-AKHA-26SEP01,df116327-0f87-415b-22fc-713a47a49e0a,0.6200,2026-02-28 19:30:05.263121+00:00
239.00,2026-02-28T19:29:25.326402Z,0.4000,no,KXKHAMENEIOUT-AKHA-26SEP01,951f44ff-7b14-770b-c56d-959eda169f9e,0.6000,2026-02-28 19:29:25.326402+00:00
1683.00,2026-02-28T19:29:14.74042Z,0.3800,yes,KXKHAMENEIOUT-AKHA-26SEP01,83fc51a2-14cb-7e8f-4dc5-04d47b042216,0.6200,2026-02-28 19:29:14.740420+00:00
317.00,2026-02-28T19:29:14.74042Z,0.3800,yes,KXKHAMENEIOUT-AKHA-26SEP01,67e670b2-c5d8-7e6a-4125-556507bfde75,0.6200,2026-02-28 19:29:14.740420+00:00
39.00,2026-02-28T19:29:14.064421Z,0.3800,yes,KXKHAMENEIOUT-AKHA-26SEP01,044091ef-6f00-7da2-2182-4fbad1634d51,0.6200,2026-02-28 19:29:14.064421+00:00
15.00,2026-02-28T19:29:02.451025Z,0.3800,yes,KXKHAMENEIOUT-AKHA-26SEP01,31388bec-23d0-75ce-caa4-42b9f6b4b4d1,0.6200,2026-02-28 19:29:02.451025+00:00
23.00,2026-02-28T19:28:44.296656Z,0.4000,no,KXKHAMENEIOUT-AKHA-26SEP01,1fd9817c-b364-410b-a9c7-ef6a274b9572,0.6000,2026-02-28 19:28:44.296656+00:00
9.00,2026-02-28T19:28:31.583374Z,0.3800,yes,KXKHAMENEIOUT-AKHA-26SEP01,26f7b6bf-1e28-6a4a-ecf8-fad775625c7d,0.6200,2026-02-28 19:28:31.583374+00:00
237.00,2026-02-28T19:28:07.363405Z,0.4000,no,KXKHAMENEIOUT-AKHA-26SEP01,2f472537-c8a8-5a9b-1425-db9233a03062,0.6000,2026-02-28 19:28:07.363405+00:00
10.00,2026-02-28T19:28:04.507709Z,0.3800,yes,KXKHAMENEIOUT-AKHA-26SEP01,c423c4b2-bcf0-6c02-084f-a17979affaf5,0.6200,2026-02-28 19:28:04.507709+00:00
10.00,2026-02-28T19:28:01.02341Z,0.3800,yes,KXKHAMENEIOUT-AKHA-26SEP01,c77c9a53-2f3c-48ee-298d-4f887dd9aaad,0.6200,2026-02-28 19:28:01.023410+00:00
15.00,2026-02-28T19:27:38.573686Z,0.3800,yes,KXKHAMENEIOUT-AKHA-26SEP01,beba76dd-f725-7179-6995-daf8075f88dc,0.6200,2026-02-28 19:27:38.573686+00:00
16.00,2026-02-28T19:27:38.573686Z,0.3800,yes,KXKHAMENEIOUT-AKHA-26SEP01,2b570deb-d448-7f96-531f-241250ef00ed,0.6200,2026-02-28 19:27:38.573686+00:00
271.00,2026-02-28T19:27:23.814743Z,0.4000,no,KXKHAMENEIOUT-AKHA-26SEP01,21ee7a63-4f7c-7d4f-820a-201a2321e9ae,0.6000,2026-02-28 19:27:23.814743+00:00
124.00,2026-02-28T19:27:12.811226Z,0.3900,yes,KXKHAMENEIOUT-AKHA-26SEP01,f3c36928-5878-456a-dd4e-a32a5d348dc1,0.6100,2026-02-28 19:27:12.811226+00:00
33.00,2026-02-28T19:27:12.811226Z,0.3800,yes,KXKHAMENEIOUT-AKHA-26SEP01,da80898e-5dca-4107-e7c1-87a078cd8e17,0.6200,2026-02-28 19:27:12.811226+00:00
2.00,2026-02-28T19:27:12.811226Z,0.3800,yes,KXKHAMENEIOUT-AKHA-26SEP01,ae7de1cc-3881-4e18-c937-c5a89f7dab9b,0.6200,2026-02-28 19:27:12.811226+00:00
1.00,2026-02-28T19:27:12.348003Z,0.3900,yes,KXKHAMENEIOUT-AKHA-26SEP01,34ef148d-f7b8-57d6-79b3-abf126bc1601,0.6100,2026-02-28 19:27:12.348003+00:00
765.00,2026-02-28T19:26:42.900967Z,0.3900,yes,KXKHAMENEIOUT-AKHA-26SEP01,d09ae8dd-f86c-4fce-2a6b-672e41c5a855,0.6100,2026-02-28 19:26:42.900967+00:00
1.00,2026-02-28T19:26:42.255547Z,0.3900,yes,KXKHAMENEIOUT-AKHA-26SEP01,f0193a99-24a0-6cfe-b962-e23d7c684439,0.6100,2026-02-28 19:26:42.255547+00:00
100.00,2026-02-28T19:26:24.692421Z,0.3900,yes,KXKHAMENEIOUT-AKHA-26SEP01,d6aa9632-210c-75aa-baf5-85da63d4233d,0.6100,2026-02-28 19:26:24.692421+00:00
55.00,2026-02-28T19:26:01.064884Z,0.3900,yes,KXKHAMENEIOUT-AKHA-26SEP01,c136e5e3-9fe8-58aa-895b-0aa601a64d81,0.6100,2026-02-28 19:26:01.064884+00:00
34.00,2026-02-28T19:24:54.886078Z,0.3800,yes,KXKHAMENEIOUT-AKHA-26SEP01,3c7576a3-a72e-4bb5-d2f4-6ce5da72b99b,0.6200,2026-02-28 19:24:54.886078+00:00
10.00,2026-02-28T19:24:45.522299Z,0.3900,no,KXKHAMENEIOUT-AKHA-26SEP01,e4fbaa8c-b526-7f67-4dd4-d5c49ccb22f7,0.6100,2026-02-28 19:24:45.522299+00:00
47.00,2026-02-28T19:24:45.522299Z,0.3900,no,KXKHAMENEIOUT-AKHA-26SEP01,5b52175f-0f0e-78f1-4159-00bcf796a4db,0.6100,2026-02-28 19:24:45.522299+00:00
184.00,2026-02-28T19:24:45.522299Z,0.4000,no,KXKHAMENEIOUT-AKHA-26SEP01,2e661b35-9824-7c53-62fa-6f2dbd2a0fae,0.6000,2026-02-28 19:24:45.522299+00:00
68.00,2026-02-28T19:24:27.497701Z,0.3800,yes,KXKHAMENEIOUT-AKHA-26SEP01,665c308e-ed1e-6409-cb25-58bcc4e2269b,0.6200,2026-02-28 19:24:27.497701+00:00
41.00,2026-02-28T19:23:40.93375Z,0.3800,yes,KXKHAMENEIOUT-AKHA-26SEP01,4bb1ee3d-5e62-5ced-4ad8-cdacbae8b2c3,0.6200,2026-02-28 19:23:40.933750+00:00
171.00,2026-02-28T19:23:40.93375Z,0.3800,yes,KXKHAMENEIOUT-AKHA-26SEP01,13c4ce48-544b-5304-6175-c41c33fa640a,0.6200,2026-02-28 19:23:40.933750+00:00
250.00,2026-02-28T19:23:24.905688Z,0.3800,yes,KXKHAMENEIOUT-AKHA-26SEP01,11aa2b19-ee37-4b50-4b54-a6aa5ed256ca,0.6200,2026-02-28 19:23:24.905688+00:00
479.00,2026-02-28T19:23:19.879723Z,0.4000,no,KXKHAMENEIOUT-AKHA-26SEP01,38aba147-9bf0-7ad7-52fa-8ea94c1ddd96,0.6000,2026-02-28 19:23:19.879723+00:00
939.00,2026-02-28T19:23:18.977329Z,0.4000,no,KXKHAMENEIOUT-AKHA-26SEP01,ea46fe19-e508-43b3-f84d-b74b74ec83be,0.6000,2026-02-28 19:23:18.977329+00:00
2.00,2026-02-28T19:23:18.977329Z,0.4000,no,KXKHAMENEIOUT-AKHA-26SEP01,b614033c-a3f1-4851-dec3-aec73cc76b4a,0.6000,2026-02-28 19:23:18.977329+00:00
559.00,2026-02-28T19:23:18.977329Z,0.4000,no,KXKHAMENEIOUT-AKHA-26SEP01,5ace2fa3-69ec-44e5-c7bc-8099a0691e0c,0.6000,2026-02-28 19:23:18.977329+00:00
37.00,2026-02-28T19:22:48.7637Z,0.3800,yes,KXKHAMENEIOUT-AKHA-26SEP01,a6147a76-0bee-4e03-b7ad-f13c4984546e,0.6200,2026-02-28 19:22:48.763700+00:00
20.00,2026-02-28T19:22:48.7637Z,0.3800,yes,KXKHAMENEIOUT-AKHA-26SEP01,106bc077-726f-4dc4-9706-1ac572cfd80e,0.6200,2026-02-28 19:22:48.763700+00:00
441.00,2026-02-28T19:22:15.092734Z,0.4000,no,KXKHAMENEIOUT-AKHA-26SEP01,868c93d3-b71c-4fa9-e314-3c19c0fe74c4,0.6000,2026-02-28 19:22:15.092734+00:00
15.00,2026-02-28T19:22:09.93453Z,0.3700,yes,KXKHAMENEIOUT-AKHA-26SEP01,8fde6043-f95d-4b8f-0333-48b08eb34bdc,0.6300,2026-02-28 19:22:09.934530+00:00
38.00,2026-02-28T19:21:47.0894Z,0.3700,yes,KXKHAMENEIOUT-AKHA-26SEP01,dcad0537-ccd9-5ceb-00bf-88f83b784604,0.6300,2026-02-28 19:21:47.089400+00:00
18.00,2026-02-28T19:21:28.098395Z,0.4000,yes,KXKHAMENEIOUT-AKHA-26SEP01,9e28bf8c-d941-7ecd-65af-65ee3ff337e7,0.6000,2026-02-28 19:21:28.098395+00:00
13.00,2026-02-28T19:21:28.098395Z,0.3700,yes,KXKHAMENEIOUT-AKHA-26SEP01,6d6c82eb-0079-7943-4dbe-6e7d8f67ccc8,0.6300,2026-02-28 19:21:28.098395+00:00
8.00,2026-02-28T19:21:28.098395Z,0.3900,yes,KXKHAMENEIOUT-AKHA-26SEP01,3a0f81a4-6f03-7bd5-501a-f0d4ce9b9abb,0.6100,2026-02-28 19:21:28.098395+00:00
10.00,2026-02-28T19:21:21.295684Z,0.4100,no,KXKHAMENEIOUT-AKHA-26SEP01,7ea25895-f463-4f8b-b195-7e0369e5dc32,0.5900,2026-02-28 19:21:21.295684+00:00
1.00,2026-02-28T19:21:19.768921Z,0.4000,yes,KXKHAMENEIOUT-AKHA-26SEP01,ae801c0b-29bd-71e9-543e-85f6f79230a7,0.6000,2026-02-28 19:21:19.768921+00:00
20.00,2026-02-28T19:21:15.189017Z,0.4100,no,KXKHAMENEIOUT-AKHA-26SEP01,b47f82f0-065f-5fab-6f53-f7cb019b2bee,0.5900,2026-02-28 19:21:15.189017+00:00
25.00,2026-02-28T19:21:14.920624Z,0.4000,no,KXKHAMENEIOUT-AKHA-26SEP01,78e94847-d11a-4a53-b80e-88676f3b22b8,0.6000,2026-02-28 19:21:14.920624+00:00
10.00,2026-02-28T19:21:14.920624Z,0.4000,no,KXKHAMENEIOUT-AKHA-26SEP01,36a3661e-1fc8-40b1-857a-93ff06c441a8,0.6000,2026-02-28 19:21:14.920624+00:00
46.00,2026-02-28T19:21:14.920624Z,0.4000,no,KXKHAMENEIOUT-AKHA-26SEP01,043f2e81-8b18-48ee-a702-bf1c154409c5,0.6000,2026-02-28 19:21:14.920624+00:00
56.00,2026-02-28T19:21:11.888811Z,0.3700,yes,KXKHAMENEIOUT-AKHA-26SEP01,e7b0d362-90d0-6aae-817c-93aa4fd85833,0.6300,2026-02-28 19:21:11.888811+00:00
21.00,2026-02-28T19:21:11.888811Z,0.3700,yes,KXKHAMENEIOUT-AKHA-26SEP01,5b72e314-7631-6f7b-80c7-1f24b95dd558,0.6300,2026-02-28 19:21:11.888811+00:00
10.00,2026-02-28T19:21:01.077193Z,0.3900,no,KXKHAMENEIOUT-AKHA-26SEP01,c1bba377-f722-62f6-76e9-38f53d8da67e,0.6100,2026-02-28 19:21:01.077193+00:00
194.00,2026-02-28T19:21:01.077193Z,0.4000,no,KXKHAMENEIOUT-AKHA-26SEP01,b09a0b09-b948-6126-5582-962f03dca809,0.6000,2026-02-28 19:21:01.077193+00:00
50.00,2026-02-28T19:21:01.077193Z,0.3900,no,KXKHAMENEIOUT-AKHA-26SEP01,18a51057-1d72-623e-4a73-1bb22b441878,0.6100,2026-02-28 19:21:01.077193+00:00
76.00,2026-02-28T19:21:01.077193Z,0.4000,no,KXKHAMENEIOUT-AKHA-26SEP01,12ad0749-9fd4-6a8e-5be0-a9caee4899cc,0.6000,2026-02-28 19:21:01.077193+00:00
3.00,2026-02-28T19:19:56.393361Z,0.3500,yes,KXKHAMENEIOUT-AKHA-26SEP01,89a2e56d-3349-457b-eaac-eb2f116baee0,0.6500,2026-02-28 19:19:56.393361+00:00
34.00,2026-02-28T19:19:16.579489Z,0.3600,yes,KXKHAMENEIOUT-AKHA-26SEP01,ee537faf-c553-633d-4bb6-381ae29e8276,0.6400,2026-02-28 19:19:16.579489+00:00
1115.00,2026-02-28T19:19:16.579489Z,0.3500,yes,KXKHAMENEIOUT-AKHA-26SEP01,c8085350-bea9-6713-4dc2-d89ee230fc10,0.6500,2026-02-28 19:19:16.579489+00:00
117.00,2026-02-28T19:19:16.579489Z,0.3500,yes,KXKHAMENEIOUT-AKHA-26SEP01,58de444f-0ad1-6127-7732-7c7d32e8c75a,0.6500,2026-02-28 19:19:16.579489+00:00
104.00,2026-02-28T19:19:16.579489Z,0.3500,yes,KXKHAMENEIOUT-AKHA-26SEP01,34205170-0d54-627a-4781-28b66bb43a24,0.6500,2026-02-28 19:19:16.579489+00:00
10.00,2026-02-28T19:18:51.746433Z,0.3800,yes,KXKHAMENEIOUT-AKHA-26SEP01,ef4fc50e-388a-6862-fde6-8253a7befa79,0.6200,2026-02-28 19:18:51.746433+00:00
48.00,2026-02-28T19:18:51.746433Z,0.3600,yes,KXKHAMENEIOUT-AKHA-26SEP01,9023d5f7-9167-62b1-f465-76e775fa2a3a,0.6400,2026-02-28 19:18:51.746433+00:00
18.00,2026-02-28T19:18:51.746433Z,0.3600,yes,KXKHAMENEIOUT-AKHA-26SEP01,87bdc411-6ed1-6e17-fede-0621d5376da6,0.6400,2026-02-28 19:18:51.746433+00:00
157.00,2026-02-28T19:18:25.444423Z,0.3800,yes,KXKHAMENEIOUT-AKHA-26SEP01,9260fdcf-6309-701b-3edd-a73d0a2ec178,0.6200,2026-02-28 19:18:25.444423+00:00
196.00,2026-02-28T19:17:52.891577Z,0.3800,yes,KXKHAMENEIOUT-AKHA-26SEP01,56f45f7e-ea19-798b-d78a-17e7cf5b7d78,0.6200,2026-02-28 19:17:52.891577+00:00
15.00,2026-02-28T19:17:38.785973Z,0.3800,yes,KXKHAMENEIOUT-AKHA-26SEP01,90809c82-2aa1-702f-9137-6b57dd8df5a4,0.6200,2026-02-28 19:17:38.785973+00:00
10.00,2026-02-28T19:17:14.703097Z,0.3800,yes,KXKHAMENEIOUT-AKHA-26SEP01,6dc9e70f-3d19-679f-1a25-b7c86c0c57c0,0.6200,2026-02-28 19:17:14.703097+00:00
10.00,2026-02-28T19:16:37.747122Z,0.4000,no,KXKHAMENEIOUT-AKHA-26SEP01,33fcd1f6-e5f8-6e4a-b612-5c4d90229e04,0.6000,2026-02-28 19:16:37.747122+00:00
15.00,2026-02-28T19:16:24.620513Z,0.3800,yes,KXKHAMENEIOUT-AKHA-26SEP01,92316ce7-12f1-50b7-3863-7d68432e1a10,0.6200,2026-02-28 19:16:24.620513+00:00
36.00,2026-02-28T19:16:21.702748Z,0.3900,yes,KXKHAMENEIOUT-AKHA-26SEP01,eca74f52-794c-5cdb-8d92-d42c079b46b6,0.6100,2026-02-28 19:16:21.702748+00:00
357.00,2026-02-28T19:16:21.702748Z,0.3800,yes,KXKHAMENEIOUT-AKHA-26SEP01,4408bc26-6b7d-5b3f-9ba8-da560e446900,0.6200,2026-02-28 19:16:21.702748+00:00
14.00,2026-02-28T19:16:16.203588Z,0.4000,no,KXKHAMENEIOUT-AKHA-26SEP01,e10427ab-a21c-7432-9792-0d300d9d8428,0.6000,2026-02-28 19:16:16.203588+00:00
15.00,2026-02-28T19:16:02.116048Z,0.3800,yes,KXKHAMENEIOUT-AKHA-26SEP01,ca0ab2a9-18bd-6473-cea6-73cc8a493c80,0.6200,2026-02-28 19:16:02.116048+00:00
405.00,2026-02-28T19:15:28.270045Z,0.3800,yes,KXKHAMENEIOUT-AKHA-26SEP01,f0c5c68b-dced-59f5-ea7b-13b3dc8aec05,0.6200,2026-02-28 19:15:28.270045+00:00
1113.00,2026-02-28T19:15:28.270045Z,0.3900,yes,KXKHAMENEIOUT-AKHA-26SEP01,e2841264-9f1a-5261-e673-e37a28edcbe2,0.6100,2026-02-28 19:15:28.270045+00:00
814.00,2026-02-28T19:15:28.270045Z,0.4000,yes,KXKHAMENEIOUT-AKHA-26SEP01,d956ebf3-2fdb-518a-e726-60aa18fd620a,0.6000,2026-02-28 19:15:28.270045+00:00
37.00,2026-02-28T19:15:28.270045Z,0.3800,yes,KXKHAMENEIOUT-AKHA-26SEP01,c51a8500-55d9-50e1-c295-dbc356d195e4,0.6200,2026-02-28 19:15:28.270045+00:00
337.00,2026-02-28T19:15:28.270045Z,0.3900,yes,KXKHAMENEIOUT-AKHA-26SEP01,af347d09-5f1f-5235-c70b-99eb9931d87d,0.6100,2026-02-28 19:15:28.270045+00:00
6.00,2026-02-28T19:15:28.270045Z,0.3800,yes,KXKHAMENEIOUT-AKHA-26SEP01,8f60b0e0-4461-5c5b-c8b3-2fb05ceddbe9,0.6200,2026-02-28 19:15:28.270045+00:00
10.00,2026-02-28T19:15:28.270045Z,0.3900,yes,KXKHAMENEIOUT-AKHA-26SEP01,89c43452-7610-57f8-d88c-40b61454137b,0.6100,2026-02-28 19:15:28.270045+00:00
6.00,2026-02-28T19:15:28.270045Z,0.3900,yes,KXKHAMENEIOUT-AKHA-26SEP01,53618069-fbd1-5253-db45-d20e2d133e16,0.6100,2026-02-28 19:15:28.270045+00:00
416.00,2026-02-28T19:15:28.270045Z,0.3800,yes,KXKHAMENEIOUT-AKHA-26SEP01,4818b81f-3cc9-5c6f-e248-8e4129547a3c,0.6200,2026-02-28 19:15:28.270045+00:00
46.00,2026-02-28T19:15:28.270045Z,0.3900,yes,KXKHAMENEIOUT-AKHA-26SEP01,46d5ca06-338b-5feb-d9b6-33aa9af542b9,0.6100,2026-02-28 19:15:28.270045+00:00
159.00,2026-02-28T19:14:10.204436Z,0.3900,yes,KXKHAMENEIOUT-AKHA-26SEP01,4ff16a70-d0b2-52d5-982c-8605907519e2,0.6100,2026-02-28 19:14:10.204436+00:00
25.00,2026-02-28T19:13:43.740305Z,0.4000,no,KXKHAMENEIOUT-AKHA-26SEP01,c96f3cb5-7d8f-6f46-c344-870b7426379d,0.6000,2026-02-28 19:13:43.740305+00:00
379.00,2026-02-28T19:13:43.740305Z,0.4100,no,KXKHAMENEIOUT-AKHA-26SEP01,a53d9ba8-5d4f-60a7-c61b-763c41ddc152,0.5900,2026-02-28 19:13:43.740305+00:00
98.00,2026-02-28T19:13:43.740305Z,0.4000,no,KXKHAMENEIOUT-AKHA-26SEP01,9a59af35-9f58-6c7a-cd8a-250abb455644,0.6000,2026-02-28 19:13:43.740305+00:00
2.00,2026-02-28T19:13:34.634947Z,0.4000,no,KXKHAMENEIOUT-AKHA-26SEP01,6ae9cb52-7d40-41c6-da43-574c016d9150,0.6000,2026-02-28 19:13:34.634947+00:00
39.00,2026-02-28T19:13:08.151224Z,0.3900,yes,KXKHAMENEIOUT-AKHA-26SEP01,d38a70d4-5eca-59dd-2402-e061d49ba2fe,0.6100,2026-02-28 19:13:08.151224+00:00
158.00,2026-02-28T19:10:57.771773Z,0.3900,yes,KXKHAMENEIOUT-AKHA-26SEP01,b1b57fb7-bc16-40a9-5d3e-0f46431c9076,0.6100,2026-02-28 19:10:57.771773+00:00
45.00,2026-02-28T19:10:13.58193Z,0.3900,yes,KXKHAMENEIOUT-AKHA-26SEP01,2e728f4c-5b42-5fa1-d08e-77eb887b1742,0.6100,2026-02-28 19:10:13.581930+00:00
115.00,2026-02-28T19:10:13.58193Z,0.4000,yes,KXKHAMENEIOUT-AKHA-26SEP01,0e1b203a-3bc8-548b-eb9e-51e59363047c,0.6000,2026-02-28 19:10:13.581930+00:00
200.00,2026-02-28T19:10:08.537753Z,0.4000,yes,KXKHAMENEIOUT-AKHA-26SEP01,6ef5442f-a76c-6123-6425-3ebe56d98084,0.6000,2026-02-28 19:10:08.537753+00:00
11.00,2026-02-28T19:10:07.69965Z,0.4000,yes,KXKHAMENEIOUT-AKHA-26SEP01,2fac354c-f9c8-634f-744f-7be32af19270,0.6000,2026-02-28 19:10:07.699650+00:00
162.00,2026-02-28T19:09:55.861591Z,0.4000,yes,KXKHAMENEIOUT-AKHA-26SEP01,09ab8ddb-c308-5067-709a-6a64f7c5eec0,0.6000,2026-02-28 19:09:55.861591+00:00
200.00,2026-02-28T19:09:27.636162Z,0.4000,yes,KXKHAMENEIOUT-AKHA-26SEP01,94ad5150-8c68-7283-b015-7a6ce1284a0c,0.6000,2026-02-28 19:09:27.636162+00:00
161.00,2026-02-28T19:09:24.389764Z,0.4000,yes,KXKHAMENEIOUT-AKHA-26SEP01,5c261289-bd1c-7d33-ca36-27decbe61bb0,0.6000,2026-02-28 19:09:24.389764+00:00
808.00,2026-02-28T19:09:23.450705Z,0.4100,no,KXKHAMENEIOUT-AKHA-26SEP01,c1d85f37-90b8-4ae1-1ab0-895904c72e11,0.5900,2026-02-28 19:09:23.450705+00:00
200.00,2026-02-28T19:09:23.450705Z,0.4100,no,KXKHAMENEIOUT-AKHA-26SEP01,632606bc-a607-4a0e-2dc6-0dc698f20ea6,0.5900,2026-02-28 19:09:23.450705+00:00
159.00,2026-02-28T19:09:23.450705Z,0.4100,no,KXKHAMENEIOUT-AKHA-26SEP01,31999ac8-36e7-49c6-05ca-aff18225b3aa,0.5900,2026-02-28 19:09:23.450705+00:00
454.00,2026-02-28T19:09:23.450705Z,0.4100,no,KXKHAMENEIOUT-AKHA-26SEP01,22d245c2-d429-4efd-1521-09f754b32f5a,0.5900,2026-02-28 19:09:23.450705+00:00
14.00,2026-02-28T19:08:24.048318Z,0.4000,yes,KXKHAMENEIOUT-AKHA-26SEP01,ccaad7d0-88f4-5a3b-b17b-2477c05768fc,0.6000,2026-02-28 19:08:24.048318+00:00
24.00,2026-02-28T19:08:11.178919Z,0.4000,yes,KXKHAMENEIOUT-AKHA-26SEP01,70de2ca1-0f50-443b-0818-6366a251c0a0,0.6000,2026-02-28 19:08:11.178919+00:00
1621.00,2026-02-28T19:08:02.686906Z,0.4000,yes,KXKHAMENEIOUT-AKHA-26SEP01,e396cfa2-9924-40df-29f2-4d12acc400f0,0.6000,2026-02-28 19:08:02.686906+00:00
15.00,2026-02-28T19:07:26.327213Z,0.4100,no,KXKHAMENEIOUT-AKHA-26SEP01,591b1374-0329-4329-f702-c517ad5ae526,0.5900,2026-02-28 19:07:26.327213+00:00
810.00,2026-02-28T19:07:12.586182Z,0.4000,yes,KXKHAMENEIOUT-AKHA-26SEP01,14419cca-9d0c-69d3-8e87-8e857f50fcf4,0.6000,2026-02-28 19:07:12.586182+00:00
196.00,2026-02-28T19:06:43.72093Z,0.4000,yes,KXKHAMENEIOUT-AKHA-26SEP01,f3a99396-54c0-641b-81db-4af9a6800af4,0.6000,2026-02-28 19:06:43.720930+00:00
16.00,2026-02-28T19:06:23.669797Z,0.4000,yes,KXKHAMENEIOUT-AKHA-26SEP01,992f0a9a-cdd4-45af-e8c7-2a6c4e1c52fc,0.6000,2026-02-28 19:06:23.669797+00:00
41.00,2026-02-28T19:06:16.397312Z,0.4100,no,KXKHAMENEIOUT-AKHA-26SEP01,bac978ad-d792-48d8-bcaa-f8b5bd16b3c6,0.5900,2026-02-28 19:06:16.397312+00:00
403.00,2026-02-28T19:04:41.164803Z,0.4200,no,KXKHAMENEIOUT-AKHA-26SEP01,f5f47165-5c8e-6939-a361-9524b42bbd27,0.5800,2026-02-28 19:04:41.164803+00:00
1.00,2026-02-28T19:03:44.186432Z,0.4100,yes,KXKHAMENEIOUT-AKHA-26SEP01,65ce082e-48a6-6cf1-fd2c-d36e2908407f,0.5900,2026-02-28 19:03:44.186432+00:00
81.00,2026-02-28T19:02:33.492891Z,0.4000,yes,KXKHAMENEIOUT-AKHA-26SEP01,c233ab3a-cf58-650f-1f24-374728e54568,0.6000,2026-02-28 19:02:33.492891+00:00
352.00,2026-02-28T19:02:31.597134Z,0.4000,yes,KXKHAMENEIOUT-AKHA-26SEP01,453ddfd4-e530-4a97-e291-2ac297793b98,0.6000,2026-02-28 19:02:31.597134+00:00
51.00,2026-02-28T19:02:31.597134Z,0.4100,yes,KXKHAMENEIOUT-AKHA-26SEP01,12e54d9c-f03e-479c-ec01-059f3f51495b,0.5900,2026-02-28 19:02:31.597134+00:00
200.00,2026-02-28T19:01:46.890125Z,0.4100,yes,KXKHAMENEIOUT-AKHA-26SEP01,e1493cd8-438e-4f30-ad93-27ff77ccb17b,0.5900,2026-02-28 19:01:46.890125+00:00
1.00,2026-02-28T19:01:46.200079Z,0.4100,no,KXKHAMENEIOUT-AKHA-26SEP01,e6743863-dcd8-7166-db77-0a341695fc93,0.5900,2026-02-28 19:01:46.200079+00:00
8.00,2026-02-28T19:01:40.017285Z,0.4000,yes,KXKHAMENEIOUT-AKHA-26SEP01,c47c5b1b-72b0-511b-950e-1c047d9ddef0,0.6000,2026-02-28 19:01:40.017285+00:00
16.00,2026-02-28T19:01:27.05219Z,0.4000,yes,KXKHAMENEIOUT-AKHA-26SEP01,681b97f3-8970-408b-cf08-d899b53bb760,0.6000,2026-02-28 19:01:27.052190+00:00
108.00,2026-02-28T19:01:01.167397Z,0.4000,yes,KXKHAMENEIOUT-AKHA-26SEP01,ea977e28-df9a-451c-c668-35ab23b951e5,0.6000,2026-02-28 19:01:01.167397+00:00
13.00,2026-02-28T19:01:01.167397Z,0.4000,yes,KXKHAMENEIOUT-AKHA-26SEP01,501a2f60-a1cc-4c6f-dcf3-19e1f1b71e0c,0.6000,2026-02-28 19:01:01.167397+00:00
16.00,2026-02-28T19:00:55.257265Z,0.4000,yes,KXKHAMENEIOUT-AKHA-26SEP01,42e733c6-4276-621c-4eb1-6f4ae3576f71,0.6000,2026-02-28 19:00:55.257265+00:00
3999.00,2026-02-28T19:00:30.377496Z,0.4100,no,KXKHAMENEIOUT-AKHA-26SEP01,f0184c33-55f4-5292-12a2-b3087c100ed7,0.5900,2026-02-28 19:00:30.377496+00:00
181.00,2026-02-28T19:00:30.377496Z,0.4100,no,KXKHAMENEIOUT-AKHA-26SEP01,8332cefb-1de1-5fde-2646-499444309b37,0.5900,2026-02-28 19:00:30.377496+00:00
162.00,2026-02-28T19:00:06.741974Z,0.4000,yes,KXKHAMENEIOUT-AKHA-26SEP01,4375a8b9-1ea6-430c-d703-27df5e1d03dd,0.6000,2026-02-28 19:00:06.741974+00:00
16.00,2026-02-28T18:59:32.261351Z,0.4000,yes,KXKHAMENEIOUT-AKHA-26SEP01,22e739ee-7db6-50e0-4191-163dd40d1b89,0.6000,2026-02-28 18:59:32.261351+00:00
1.00,2026-02-28T18:59:32.164247Z,0.4000,yes,KXKHAMENEIOUT-AKHA-26SEP01,8ab8faba-85e6-5c60-fc0c-3108e1037775,0.6000,2026-02-28 18:59:32.164247+00:00
8.00,2026-02-28T18:59:28.116075Z,0.4000,yes,KXKHAMENEIOUT-AKHA-26SEP01,a86f94cd-26fe-7440-6f42-45e8aab7aa01,0.6000,2026-02-28 18:59:28.116075+00:00
40.00,2026-02-28T18:58:33.694991Z,0.4000,yes,KXKHAMENEIOUT-AKHA-26SEP01,187818fe-975e-4f88-2b09-8657e7fe90c5,0.6000,2026-02-28 18:58:33.694991+00:00
40.00,2026-02-28T18:58:28.420229Z,0.4000,yes,KXKHAMENEIOUT-AKHA-26SEP01,bbfda486-2a72-4728-69b2-c3a9150f528d,0.6000,2026-02-28 18:58:28.420229+00:00
158.00,2026-02-28T18:58:12.525898Z,0.4000,yes,KXKHAMENEIOUT-AKHA-26SEP01,18e00aa9-ec2e-7360-2a68-6a9cbf2d990d,0.6000,2026-02-28 18:58:12.525898+00:00
32.00,2026-02-28T18:58:07.362468Z,0.4000,yes,KXKHAMENEIOUT-AKHA-26SEP01,0041c8b7-d776-507c-9f8a-14f3f9ddde09,0.6000,2026-02-28 18:58:07.362468+00:00
99.00,2026-02-28T18:57:48.129681Z,0.4000,yes,KXKHAMENEIOUT-AKHA-26SEP01,35bb1098-8a42-4940-6384-5cb8c2585ba5,0.6000,2026-02-28 18:57:48.129681+00:00
6.00,2026-02-28T18:57:27.445509Z,0.4000,yes,KXKHAMENEIOUT-AKHA-26SEP01,3477146b-9a0e-4600-6c8d-b51cda6234e9,0.6000,2026-02-28 18:57:27.445509+00:00
25.00,2026-02-28T18:57:17.819866Z,0.4100,yes,KXKHAMENEIOUT-AKHA-26SEP01,d54447a9-fe53-5e2f-6e84-1d97737d91d2,0.5900,2026-02-28 18:57:17.819866+00:00
166.00,2026-02-28T18:57:17.819866Z,0.4100,yes,KXKHAMENEIOUT-AKHA-26SEP01,75a1ced5-17fe-50c1-59b5-3ef952c04c65,0.5900,2026-02-28 18:57:17.819866+00:00
3.00,2026-02-28T18:57:17.819866Z,0.4100,yes,KXKHAMENEIOUT-AKHA-26SEP01,4fbbf8f8-3a56-55cc-73bb-22d180f9fe17,0.5900,2026-02-28 18:57:17.819866+00:00
600.00,2026-02-28T18:57:17.819866Z,0.4100,yes,KXKHAMENEIOUT-AKHA-26SEP01,27c2280e-53b0-50fd-5e87-8a608f89a933,0.5900,2026-02-28 18:57:17.819866+00:00
32.00,2026-02-28T18:57:01.69365Z,0.4100,yes,KXKHAMENEIOUT-AKHA-26SEP01,9e0622de-a0df-7e03-6d28-24a5b6322c36,0.5900,2026-02-28 18:57:01.693650+00:00
15.00,2026-02-28T18:56:15.577447Z,0.4100,yes,KXKHAMENEIOUT-AKHA-26SEP01,5b4aad5a-9aaf-6e30-4723-d727d99e1fec,0.5900,2026-02-28 18:56:15.577447+00:00
50.00,2026-02-28T18:56:15.577447Z,0.4100,yes,KXKHAMENEIOUT-AKHA-26SEP01,13009f63-085f-615f-55ca-e37a6c687d7e,0.5900,2026-02-28 18:56:15.577447+00:00
329.00,2026-02-28T18:55:20.200366Z,0.4100,yes,KXKHAMENEIOUT-AKHA-26SEP01,31571ab5-7c9f-7f48-1349-26798f3241ec,0.5900,2026-02-28 18:55:20.200366+00:00
1.00,2026-02-28T18:55:12.295731Z,0.4100,yes,KXKHAMENEIOUT-AKHA-26SEP01,f65e7726-abd3-6f30-9b68-4f2efb311de4,0.5900,2026-02-28 18:55:12.295731+00:00
82.00,2026-02-28T18:53:36.877617Z,0.4100,yes,KXKHAMENEIOUT-AKHA-26SEP01,5a9b4a8f-7ce3-5030-8b6a-bb67ffd4150c,0.5900,2026-02-28 18:53:36.877617+00:00
50.00,2026-02-28T18:53:32.604258Z,0.4100,yes,KXKHAMENEIOUT-AKHA-26SEP01,8629c3bf-d88f-5b34-161e-bd44d6cc2438,0.5900,2026-02-28 18:53:32.604258+00:00
35.00,2026-02-28T18:52:56.177422Z,0.4100,yes,KXKHAMENEIOUT-AKHA-26SEP01,3ae8187d-1297-4334-be5c-d2e6bab9147c,0.5900,2026-02-28 18:52:56.177422+00:00
50.00,2026-02-28T18:52:51.718388Z,0.4200,no,KXKHAMENEIOUT-AKHA-26SEP01,f8e5eac8-653a-7d59-a040-c52cde0e235f,0.5800,2026-02-28 18:52:51.718388+00:00
32.00,2026-02-28T18:52:43.561726Z,0.4100,yes,KXKHAMENEIOUT-AKHA-26SEP01,25154390-5e43-4e6c-307c-c70ac658c014,0.5900,2026-02-28 18:52:43.561726+00:00
16.00,2026-02-28T18:52:29.589023Z,0.4100,yes,KXKHAMENEIOUT-AKHA-26SEP01,cf558ede-f3a7-647c-71af-e90321178cb0,0.5900,2026-02-28 18:52:29.589023+00:00
580.00,2026-02-28T18:51:51.097872Z,0.4100,yes,KXKHAMENEIOUT-AKHA-26SEP01,88c910ef-d14b-4a04-eaff-b2ee62ba3b48,0.5900,2026-02-28 18:51:51.097872+00:00
112.00,2026-02-28T18:51:11.415967Z,0.4100,yes,KXKHAMENEIOUT-AKHA-26SEP01,f317428a-ba3f-5d54-774a-ca880703d080,0.5900,2026-02-28 18:51:11.415967+00:00
200.00,2026-02-28T18:50:51.680591Z,0.4100,yes,KXKHAMENEIOUT-AKHA-26SEP01,aee7fc6f-605b-4720-8ced-5d1b118638b8,0.5900,2026-02-28 18:50:51.680591+00:00
13.00,2026-02-28T18:50:50.548724Z,0.4100,yes,KXKHAMENEIOUT-AKHA-26SEP01,492191ba-23fb-5680-62c3-3197683df1d0,0.5900,2026-02-28 18:50:50.548724+00:00
164.00,2026-02-28T18:50:49.615739Z,0.4100,yes,KXKHAMENEIOUT-AKHA-26SEP01,68bcbd60-38d7-79e4-5ebe-8a259feeec68,0.5900,2026-02-28 18:50:49.615739+00:00
6.00,2026-02-28T18:50:32.753842Z,0.4100,yes,KXKHAMENEIOUT-AKHA-26SEP01,11eb14cd-67ef-71b4-5fd9-ff376c190240,0.5900,2026-02-28 18:50:32.753842+00:00
82.00,2026-02-28T18:50:31.123541Z,0.4100,yes,KXKHAMENEIOUT-AKHA-26SEP01,5f20812a-cc17-7680-e2ba-8568dfd28f24,0.5900,2026-02-28 18:50:31.123541+00:00
183.00,2026-02-28T18:50:21.645781Z,0.4200,no,KXKHAMENEIOUT-AKHA-26SEP01,7bb12ef9-6095-5bab-cdbe-d99cf1b2e5b2,0.5800,2026-02-28 18:50:21.645781+00:00
60.00,2026-02-28T18:50:21.645781Z,0.4200,no,KXKHAMENEIOUT-AKHA-26SEP01,25641a78-3d2e-56b1-c2d2-d5ff359a4b67,0.5800,2026-02-28 18:50:21.645781+00:00
19.00,2026-02-28T18:50:08.594191Z,0.4100,yes,KXKHAMENEIOUT-AKHA-26SEP01,af92bc1d-604b-46c8-3b5d-b881253b41ac,0.5900,2026-02-28 18:50:08.594191+00:00
41.00,2026-02-28T18:49:59.855091Z,0.4100,yes,KXKHAMENEIOUT-AKHA-26SEP01,f4bfc9aa-a5db-4ba4-aa5b-2fa0003227e8,0.5900,2026-02-28 18:49:59.855091+00:00
164.00,2026-02-28T18:49:51.92746Z,0.4100,yes,KXKHAMENEIOUT-AKHA-26SEP01,f46e5204-3b13-62b8-6a31-d2031e0ea774,0.5900,2026-02-28 18:49:51.927460+00:00
98.00,2026-02-28T18:49:49.952554Z,0.4100,yes,KXKHAMENEIOUT-AKHA-26SEP01,b2e5b7c9-01b5-4fc2-1996-ed1c6baf78ac,0.5900,2026-02-28 18:49:49.952554+00:00
59.00,2026-02-28T18:49:49.952554Z,0.4100,yes,KXKHAMENEIOUT-AKHA-26SEP01,58e96e54-01bb-4564-211d-cc87fa4112b4,0.5900,2026-02-28 18:49:49.952554+00:00
306.00,2026-02-28T18:49:49.952554Z,0.4100,yes,KXKHAMENEIOUT-AKHA-26SEP01,4ce08bef-ab68-47f6-36d4-c7a0df7c8ccc,0.5900,2026-02-28 18:49:49.952554+00:00
100.00,2026-02-28T18:49:49.952554Z,0.4100,yes,KXKHAMENEIOUT-AKHA-26SEP01,3c13cb8a-ad50-41f7-3021-8c0df2e8f1d0,0.5900,2026-02-28 18:49:49.952554+00:00
228.00,2026-02-28T18:49:46.610491Z,0.4100,yes,KXKHAMENEIOUT-AKHA-26SEP01,3676f5bc-2df1-5b0a-4dca-ab16efebf310,0.5900,2026-02-28 18:49:46.610491+00:00
114.00,2026-02-28T18:49:08.154704Z,0.4200,no,KXKHAMENEIOUT-AKHA-26SEP01,9e411183-68ad-68db-cfa2-97858d08220e,0.5800,2026-02-28 18:49:08.154704+00:00
8.00,2026-02-28T18:49:03.465012Z,0.4100,yes,KXKHAMENEIOUT-AKHA-26SEP01,ac4241d9-38c5-6a36-b6f7-3c67a6ddaa28,0.5900,2026-02-28 18:49:03.465012+00:00
4666.00,2026-02-28T18:48:11.363588Z,0.4100,yes,KXKHAMENEIOUT-AKHA-26SEP01,f3c5c3ca-0cb9-579e-b710-ccf0b1b92a04,0.5900,2026-02-28 18:48:11.363588+00:00
794.00,2026-02-28T18:48:11.363588Z,0.4100,yes,KXKHAMENEIOUT-AKHA-26SEP01,76adc2d1-d111-5e37-a02d-f7041b17a4fd,0.5900,2026-02-28 18:48:11.363588+00:00
1.00,2026-02-28T18:47:24.159271Z,0.4100,yes,KXKHAMENEIOUT-AKHA-26SEP01,69463d38-c0d5-5f63-fa58-11d8d84cf8c5,0.5900,2026-02-28 18:47:24.159271+00:00
333.00,2026-02-28T18:47:15.81756Z,0.4200,no,KXKHAMENEIOUT-AKHA-26SEP01,50d8c9b1-08d1-5767-5b79-a46250ea3666,0.5800,2026-02-28 18:47:15.817560+00:00
1119.00,2026-02-28T18:47:15.81756Z,0.4200,no,KXKHAMENEIOUT-AKHA-26SEP01,1f5dca3b-620d-5d0b-5b20-2a1fb424f1b6,0.5800,2026-02-28 18:47:15.817560+00:00
8.00,2026-02-28T18:47:09.410656Z,0.4100,yes,KXKHAMENEIOUT-AKHA-26SEP01,7ff370b1-a221-50e3-78db-53bd18d570fd,0.5900,2026-02-28 18:47:09.410656+00:00
2197.00,2026-02-28T18:46:53.634067Z,0.4100,yes,KXKHAMENEIOUT-AKHA-26SEP01,c5211388-5681-504f-d403-c996d84385d1,0.5900,2026-02-28 18:46:53.634067+00:00
1080.00,2026-02-28T18:46:53.634067Z,0.4100,yes,KXKHAMENEIOUT-AKHA-26SEP01,a9e7fc20-ac10-5f78-c3e4-4a9e9d46711c,0.5900,2026-02-28 18:46:53.634067+00:00
15.00,2026-02-28T18:46:48.59107Z,0.4200,no,KXKHAMENEIOUT-AKHA-26SEP01,2938ca35-4ea1-5383-dc81-4bacd41fc0d2,0.5800,2026-02-28 18:46:48.591070+00:00
159.00,2026-02-28T18:45:29.876061Z,0.4100,yes,KXKHAMENEIOUT-AKHA-26SEP01,7975c99b-b5e0-45e0-a73e-2ea3a7511be4,0.5900,2026-02-28 18:45:29.876061+00:00
1827.00,2026-02-28T18:45:22.815392Z,0.4200,no,KXKHAMENEIOUT-AKHA-26SEP01,0f67bf96-d0f1-63cb-1902-470e497e324a,0.5800,2026-02-28 18:45:22.815392+00:00
39.00,2026-02-28T18:45:19.574296Z,0.4200,no,KXKHAMENEIOUT-AKHA-26SEP01,de62bcc1-2b55-4667-9029-9cdd28adb53a,0.5800,2026-02-28 18:45:19.574296+00:00
17.00,2026-02-28T18:45:19.574296Z,0.4200,no,KXKHAMENEIOUT-AKHA-26SEP01,70af60b2-14b0-456f-9972-da71f5fa8922,0.5800,2026-02-28 18:45:19.574296+00:00
8.00,2026-02-28T18:44:48.521347Z,0.4100,yes,KXKHAMENEIOUT-AKHA-26SEP01,14b17eba-62ac-71d0-de20-a0ea212841f0,0.5900,2026-02-28 18:44:48.521347+00:00
41.00,2026-02-28T18:44:31.470734Z,0.4100,yes,KXKHAMENEIOUT-AKHA-26SEP01,51034585-48c8-64f4-a700-544035272720,0.5900,2026-02-28 18:44:31.470734+00:00
100.00,2026-02-28T18:43:57.815968Z,0.4100,yes,KXKHAMENEIOUT-AKHA-26SEP01,67f00a6d-d5e8-6af4-d505-da516b0f4454,0.5900,2026-02-28 18:43:57.815968+00:00
8.00,2026-02-28T18:42:16.328103Z,0.4100,yes,KXKHAMENEIOUT-AKHA-26SEP01,b1d99945-bca4-4a88-bbc8-9839d3c629b8,0.5900,2026-02-28 18:42:16.328103+00:00
125.00,2026-02-28T18:42:13.620614Z,0.4100,yes,KXKHAMENEIOUT-AKHA-26SEP01,a4da92fa-41b4-7210-67d2-18480e09d0dc,0.5900,2026-02-28 18:42:13.620614+00:00
1.00,2026-02-28T18:41:42.727267Z,0.4100,yes,KXKHAMENEIOUT-AKHA-26SEP01,5bb5ee90-b1dc-4f2c-b3f9-5c708911f2d0,0.5900,2026-02-28 18:41:42.727267+00:00
8.00,2026-02-28T18:41:33.738398Z,0.4100,yes,KXKHAMENEIOUT-AKHA-26SEP01,f197677e-42c8-7e30-e59f-826d399169c4,0.5900,2026-02-28 18:41:33.738398+00:00
16.00,2026-02-28T18:39:49.70072Z,0.4100,yes,KXKHAMENEIOUT-AKHA-26SEP01,fc7e09fd-e5cc-7b50-ffd3-69a61943bca0,0.5900,2026-02-28 18:39:49.700720+00:00
8.00,2026-02-28T18:39:08.116265Z,0.4200,no,KXKHAMENEIOUT-AKHA-26SEP01,6d2ecf0f-a05c-6acb-1f1e-d01309da2cd6,0.5800,2026-02-28 18:39:08.116265+00:00
82.00,2026-02-28T18:37:35.026053Z,0.4100,yes,KXKHAMENEIOUT-AKHA-26SEP01,47f922c1-6c14-41f8-681b-03017a32a1b4,0.5900,2026-02-28 18:37:35.026053+00:00
14.00,2026-02-28T18:37:33.311352Z,0.4300,no,KXKHAMENEIOUT-AKHA-26SEP01,1a76b948-c3c3-49fe-7ab5-1f2ed0354e63,0.5700,2026-02-28 18:37:33.311352+00:00
11.00,2026-02-28T18:35:42.127146Z,0.4100,yes,KXKHAMENEIOUT-AKHA-26SEP01,01582fae-773c-685c-74c2-f47418a89030,0.5900,2026-02-28 18:35:42.127146+00:00
164.00,2026-02-28T18:35:26.338455Z,0.4100,yes,KXKHAMENEIOUT-AKHA-26SEP01,887c1a83-5990-7620-c61a-27acd1d37940,0.5900,2026-02-28 18:35:26.338455+00:00
6.00,2026-02-28T18:34:43.249596Z,0.4100,yes,KXKHAMENEIOUT-AKHA-26SEP01,d8fc8bb7-0784-5a44-2864-ce5f4db8f2ac,0.5900,2026-02-28 18:34:43.249596+00:00
2.00,2026-02-28T18:34:43.249596Z,0.4200,yes,KXKHAMENEIOUT-AKHA-26SEP01,683df664-ad08-54e9-0703-c88ba803ad01,0.5800,2026-02-28 18:34:43.249596+00:00
10.00,2026-02-28T18:33:06.379951Z,0.4100,yes,KXKHAMENEIOUT-AKHA-26SEP01,60e7a4f2-d9b0-6ff0-e7f7-5f6e0bcd98d4,0.5900,2026-02-28 18:33:06.379951+00:00
50.00,2026-02-28T18:32:55.150573Z,0.4300,no,KXKHAMENEIOUT-AKHA-26SEP01,005c0131-a75f-556a-47c9-f6a3bee9b66f,0.5700,2026-02-28 18:32:55.150573+00:00
3.00,2026-02-28T18:32:16.841525Z,0.4100,yes,KXKHAMENEIOUT-AKHA-26SEP01,9e2c87b9-9ad4-5fa8-17e1-7894257b8af0,0.5900,2026-02-28 18:32:16.841525+00:00
47.00,2026-02-28T18:32:08.541802Z,0.4300,no,KXKHAMENEIOUT-AKHA-26SEP01,8ed14143-ef8b-61ca-71eb-e9b536af2697,0.5700,2026-02-28 18:32:08.541802+00:00
166.00,2026-02-28T18:31:44.294259Z,0.4100,yes,KXKHAMENEIOUT-AKHA-26SEP01,8bdc240b-878c-676c-99b0-d9ee937bad68,0.5900,2026-02-28 18:31:44.294259+00:00
40.00,2026-02-28T18:30:50.845466Z,0.4100,yes,KXKHAMENEIOUT-AKHA-26SEP01,8e5fdcdb-4e00-6c74-1492-acc1d4bd4660,0.5900,2026-02-28 18:30:50.845466+00:00
164.00,2026-02-28T18:30:31.72938Z,0.4100,yes,KXKHAMENEIOUT-AKHA-26SEP01,cac11982-a1a4-62e8-7e22-e81cfcc11f64,0.5900,2026-02-28 18:30:31.729380+00:00
4.00,2026-02-28T18:30:19.065146Z,0.4100,yes,KXKHAMENEIOUT-AKHA-26SEP01,d6e59d8a-7d3c-6c50-3f67-60e20b87ee9c,0.5900,2026-02-28 18:30:19.065146+00:00
100.00,2026-02-28T18:29:56.270227Z,0.4100,yes,KXKHAMENEIOUT-AKHA-26SEP01,dcfea838-78e8-7440-505c-e041224ca460,0.5900,2026-02-28 18:29:56.270227+00:00
2.00,2026-02-28T18:29:52.600897Z,0.4200,yes,KXKHAMENEIOUT-AKHA-26SEP01,c2a8ae43-d6df-6814-4b00-2fbb97d7afa1,0.5800,2026-02-28 18:29:52.600897+00:00
80.00,2026-02-28T18:29:52.600897Z,0.4100,yes,KXKHAMENEIOUT-AKHA-26SEP01,a94c69e6-32a0-6810-4374-251cf8c0e270,0.5900,2026-02-28 18:29:52.600897+00:00
2.00,2026-02-28T18:29:30.856754Z,0.4300,no,KXKHAMENEIOUT-AKHA-26SEP01,74ca56fc-601f-627a-379f-756d28aeae0b,0.5700,2026-02-28 18:29:30.856754+00:00
247.00,2026-02-28T18:27:17.796825Z,0.4100,yes,KXKHAMENEIOUT-AKHA-26SEP01,eb19fe6a-e184-4cf4-70a4-3ac637aa9584,0.5900,2026-02-28 18:27:17.796825+00:00
82.00,2026-02-28T18:26:57.34681Z,0.4100,yes,KXKHAMENEIOUT-AKHA-26SEP01,e26c5354-85f4-4a74-6939-c289211a4824,0.5900,2026-02-28 18:26:57.346810+00:00
9.00,2026-02-28T18:26:52.444926Z,0.4300,no,KXKHAMENEIOUT-AKHA-26SEP01,e341c1d8-530f-7e6a-5e44-32d8b0b421e3,0.5700,2026-02-28 18:26:52.444926+00:00
11.00,2026-02-28T18:26:52.444926Z,0.4200,no,KXKHAMENEIOUT-AKHA-26SEP01,8df723ef-ac14-760a-7384-1f13ef8d9e0c,0.5800,2026-02-28 18:26:52.444926+00:00
20.00,2026-02-28T18:26:52.444926Z,0.4200,no,KXKHAMENEIOUT-AKHA-26SEP01,742d8562-7067-70f2-5970-4781934fd769,0.5800,2026-02-28 18:26:52.444926+00:00
16.00,2026-02-28T18:26:13.904488Z,0.4100,yes,KXKHAMENEIOUT-AKHA-26SEP01,f0998c71-d37c-4a4c-7ddf-ecd07f8143c8,0.5900,2026-02-28 18:26:13.904488+00:00
5.00,2026-02-28T18:26:04.311257Z,0.4100,yes,KXKHAMENEIOUT-AKHA-26SEP01,f75ee6ac-2ad0-4898-4e5f-e2c672a46cc4,0.5900,2026-02-28 18:26:04.311257+00:00
8.00,2026-02-28T18:25:52.134218Z,0.4100,yes,KXKHAMENEIOUT-AKHA-26SEP01,080e579b-de00-522c-d7fd-c73759044dc8,0.5900,2026-02-28 18:25:52.134218+00:00
32.00,2026-02-28T18:24:31.340248Z,0.4100,yes,KXKHAMENEIOUT-AKHA-26SEP01,b28d97ca-0b40-72fc-3903-e284eb9b5d30,0.5900,2026-02-28 18:24:31.340248+00:00
8.00,2026-02-28T18:24:09.674916Z,0.4100,yes,KXKHAMENEIOUT-AKHA-26SEP01,fd265b0d-26dc-643c-02cd-1fbb57c73f20,0.5900,2026-02-28 18:24:09.674916+00:00
133.00,2026-02-28T18:23:59.767047Z,0.4100,yes,KXKHAMENEIOUT-AKHA-26SEP01,23f4f9cf-ee34-4578-eea8-d3570c237818,0.5900,2026-02-28 18:23:59.767047+00:00
659.00,2026-02-28T18:23:19.329362Z,0.4100,yes,KXKHAMENEIOUT-AKHA-26SEP01,956ae3be-9c20-77e4-e15c-7288eda61d60,0.5900,2026-02-28 18:23:19.329362+00:00
6.00,2026-02-28T18:23:17.958754Z,0.4100,yes,KXKHAMENEIOUT-AKHA-26SEP01,a5773874-a970-6a8c-5126-4225afe8f548,0.5900,2026-02-28 18:23:17.958754+00:00
7.00,2026-02-28T18:22:50.34232Z,0.4200,no,KXKHAMENEIOUT-AKHA-26SEP01,962f478b-36a4-4912-8b20-380eaf3e0f30,0.5800,2026-02-28 18:22:50.342320+00:00
16.00,2026-02-28T18:22:25.181308Z,0.4100,yes,KXKHAMENEIOUT-AKHA-26SEP01,b8aae884-7bd4-74c8-936f-39ef702c933c,0.5900,2026-02-28 18:22:25.181308+00:00
411.00,2026-02-28T18:22:10.033141Z,0.4100,yes,KXKHAMENEIOUT-AKHA-26SEP01,8799f36a-4b0c-5b64-50f4-57bf28592c90,0.5900,2026-02-28 18:22:10.033141+00:00
1000.00,2026-02-28T18:21:10.304125Z,0.4100,no,KXKHAMENEIOUT-AKHA-26SEP01,d9950dd4-43f8-5597-cef5-e5bfc974cc6a,0.5900,2026-02-28 18:21:10.304125+00:00
1.00,2026-02-28T18:21:10.304125Z,0.4100,no,KXKHAMENEIOUT-AKHA-26SEP01,327f5a57-dd62-5ccc-f134-42e5f55c77f6,0.5900,2026-02-28 18:21:10.304125+00:00
2.00,2026-02-28T18:21:08.784608Z,0.4100,no,KXKHAMENEIOUT-AKHA-26SEP01,38db0c4a-b852-78cc-4ef2-2319d0a2428a,0.5900,2026-02-28 18:21:08.784608+00:00
10.00,2026-02-28T18:20:52.279936Z,0.4000,yes,KXKHAMENEIOUT-AKHA-26SEP01,8fc940cc-c72d-6a0b-4a79-e937fcdea988,0.6000,2026-02-28 18:20:52.279936+00:00
314.00,2026-02-28T18:20:52.279936Z,0.4000,yes,KXKHAMENEIOUT-AKHA-26SEP01,2ac6bb61-417a-67fc-5c90-79df18454d99,0.6000,2026-02-28 18:20:52.279936+00:00
7.00,2026-02-28T18:20:47.533155Z,0.4100,no,KXKHAMENEIOUT-AKHA-26SEP01,e928738e-fe3e-7234-d544-e9a85dc18b3e,0.5900,2026-02-28 18:20:47.533155+00:00
30.00,2026-02-28T18:20:47.533155Z,0.4100,no,KXKHAMENEIOUT-AKHA-26SEP01,949468bc-484d-7b24-d372-dd5555decb9b,0.5900,2026-02-28 18:20:47.533155+00:00
4.00,2026-02-28T18:20:47.533155Z,0.4100,no,KXKHAMENEIOUT-AKHA-26SEP01,4cb3d4e0-b456-7966-c69b-37347a32f4f6,0.5900,2026-02-28 18:20:47.533155+00:00
20.00,2026-02-28T18:19:33.735285Z,0.4000,yes,KXKHAMENEIOUT-AKHA-26SEP01,7ce370d0-f79d-643b-6877-fc0674908420,0.6000,2026-02-28 18:19:33.735285+00:00
40.00,2026-02-28T18:18:36.743576Z,0.4000,yes,KXKHAMENEIOUT-AKHA-26SEP01,25acbcbf-79e5-59e3-5785-c6b03f947df4,0.6000,2026-02-28 18:18:36.743576+00:00
15.00,2026-02-28T18:17:54.510101Z,0.4000,yes,KXKHAMENEIOUT-AKHA-26SEP01,0793fc50-6929-5c7b-990e-2ef12f5ca0bc,0.6000,2026-02-28 18:17:54.510101+00:00
569.00,2026-02-28T18:17:41.167233Z,0.4000,yes,KXKHAMENEIOUT-AKHA-26SEP01,bae8d77b-280d-6988-9321-807db963868a,0.6000,2026-02-28 18:17:41.167233+00:00
237.00,2026-02-28T18:17:41.167233Z,0.3900,yes,KXKHAMENEIOUT-AKHA-26SEP01,9cf31dc1-9e36-6489-8e53-0ea689d969f2,0.6100,2026-02-28 18:17:41.167233+00:00
10.00,2026-02-28T18:17:31.061558Z,0.4000,yes,KXKHAMENEIOUT-AKHA-26SEP01,28299042-2a1d-5c7c-0763-4585415f1826,0.6000,2026-02-28 18:17:31.061558+00:00
6.00,2026-02-28T18:16:56.319553Z,0.4000,yes,KXKHAMENEIOUT-AKHA-26SEP01,1ca5eb16-6f0d-5504-9947-917cc0ff0602,0.6000,2026-02-28 18:16:56.319553+00:00
16.00,2026-02-28T18:16:33.554944Z,0.4000,yes,KXKHAMENEIOUT-AKHA-26SEP01,2769bd51-dcf9-57b8-1d2c-5e0ad05fab72,0.6000,2026-02-28 18:16:33.554944+00:00
10.00,2026-02-28T18:16:30.084616Z,0.4000,yes,KXKHAMENEIOUT-AKHA-26SEP01,93a38fee-8b39-637c-3738-38396de4ad92,0.6000,2026-02-28 18:16:30.084616+00:00
5.00,2026-02-28T18:16:21.994022Z,0.4000,yes,KXKHAMENEIOUT-AKHA-26SEP01,123b2f30-5b69-570c-24fb-0160432eca4a,0.6000,2026-02-28 18:16:21.994022+00:00
8.00,2026-02-28T18:16:07.29571Z,0.4000,yes,KXKHAMENEIOUT-AKHA-26SEP01,3b23ec05-c9f5-7d00-97f3-17a0e98e0ac2,0.6000,2026-02-28 18:16:07.295710+00:00
10.00,2026-02-28T18:16:00.904055Z,0.4100,no,KXKHAMENEIOUT-AKHA-26SEP01,1cc750f5-a06e-463a-abbf-f7278bda3892,0.5900,2026-02-28 18:16:00.904055+00:00
159.00,2026-02-28T18:15:50.7333Z,0.3900,yes,KXKHAMENEIOUT-AKHA-26SEP01,e2931d4c-f8c6-4e71-2d01-bfa16226b04a,0.6100,2026-02-28 18:15:50.733300+00:00
5.00,2026-02-28T18:15:48.486605Z,0.4000,yes,KXKHAMENEIOUT-AKHA-26SEP01,d3828eb6-55c7-79e8-157d-4c74f67debeb,0.6000,2026-02-28 18:15:48.486605+00:00
2.00,2026-02-28T18:15:48.486605Z,0.4000,yes,KXKHAMENEIOUT-AKHA-26SEP01,3e9f272a-86bb-70e5-1c4d-c4aea7f536f6,0.6000,2026-02-28 18:15:48.486605+00:00
90.00,2026-02-28T18:15:48.486605Z,0.3900,yes,KXKHAMENEIOUT-AKHA-26SEP01,352d121f-505a-74b1-1d98-3ee1f1b5b2b6,0.6100,2026-02-28 18:15:48.486605+00:00
63.00,2026-02-28T18:15:48.486605Z,0.4000,yes,KXKHAMENEIOUT-AKHA-26SEP01,2c68e125-c5c6-77a2-07fe-71cc02fe4f78,0.6000,2026-02-28 18:15:48.486605+00:00
4.00,2026-02-28T18:15:26.250572Z,0.4100,no,KXKHAMENEIOUT-AKHA-26SEP01,bc95e7f6-ad8c-7b38-88c1-cdb665460ea2,0.5900,2026-02-28 18:15:26.250572+00:00
20.00,2026-02-28T18:15:26.250572Z,0.4200,no,KXKHAMENEIOUT-AKHA-26SEP01,9f956a65-b08f-749b-8058-265b9c0a88b4,0.5800,2026-02-28 18:15:26.250572+00:00
105.00,2026-02-28T18:15:26.250572Z,0.4200,no,KXKHAMENEIOUT-AKHA-26SEP01,1263a83d-0fa4-7a86-a9ba-d743cc183e70,0.5800,2026-02-28 18:15:26.250572+00:00
27.00,2026-02-28T18:14:45.452277Z,0.4000,yes,KXKHAMENEIOUT-AKHA-26SEP01,f4420766-0d73-7cc0-cd50-888353f4ff3f,0.6000,2026-02-28 18:14:45.452277+00:00
10.00,2026-02-28T18:13:59.577599Z,0.4000,yes,KXKHAMENEIOUT-AKHA-26SEP01,28917b29-96e7-75c8-b592-5e694541e9c3,0.6000,2026-02-28 18:13:59.577599+00:00
10.00,2026-02-28T18:13:46.087833Z,0.4100,yes,KXKHAMENEIOUT-AKHA-26SEP01,2d2fe535-8f62-7e69-428d-4072b211d3a0,0.5900,2026-02-28 18:13:46.087833+00:00
57.00,2026-02-28T18:13:41.003116Z,0.4100,yes,KXKHAMENEIOUT-AKHA-26SEP01,317c615d-3b82-5865-ab12-4d1db4ec3954,0.5900,2026-02-28 18:13:41.003116+00:00
8.00,2026-02-28T18:13:33.670842Z,0.4100,yes,KXKHAMENEIOUT-AKHA-26SEP01,432b0327-71e2-69dd-1623-cfbe6d0d11d0,0.5900,2026-02-28 18:13:33.670842+00:00
3.00,2026-02-28T18:13:26.056898Z,0.4100,yes,KXKHAMENEIOUT-AKHA-26SEP01,a7e6ab20-f602-71e5-799a-30b53c7a8b40,0.5900,2026-02-28 18:13:26.056898+00:00
18.00,2026-02-28T18:12:43.518335Z,0.4100,yes,KXKHAMENEIOUT-AKHA-26SEP01,c87db6a8-6aeb-4d55-42c1-8cd2bd47913c,0.5900,2026-02-28 18:12:43.518335+00:00
9.00,2026-02-28T18:12:43.518335Z,0.4100,yes,KXKHAMENEIOUT-AKHA-26SEP01,5d9bde53-60ee-4435-67a5-b04a9f133f24,0.5900,2026-02-28 18:12:43.518335+00:00
5.00,2026-02-28T18:12:43.518335Z,0.4100,yes,KXKHAMENEIOUT-AKHA-26SEP01,560fdf14-0683-4693-5e0d-2ea36c9648d7,0.5900,2026-02-28 18:12:43.518335+00:00
50.00,2026-02-28T18:12:43.518335Z,0.4100,yes,KXKHAMENEIOUT-AKHA-26SEP01,0f78cde7-94a8-4746-7310-9e61ef1fc8a2,0.5900,2026-02-28 18:12:43.518335+00:00
127.00,2026-02-28T18:12:23.491797Z,0.4200,yes,KXKHAMENEIOUT-AKHA-26SEP01,dde946b8-2638-6d4b-bb18-fe3591106f65,0.5800,2026-02-28 18:12:23.491797+00:00
188.00,2026-02-28T18:12:23.491797Z,0.4100,yes,KXKHAMENEIOUT-AKHA-26SEP01,85b4c26f-996f-64a7-953c-82ee2c2470cb,0.5900,2026-02-28 18:12:23.491797+00:00
57.00,2026-02-28T18:12:23.491797Z,0.4200,yes,KXKHAMENEIOUT-AKHA-26SEP01,6f513ca2-c683-6edc-a557-95a1dd86b55f,0.5800,2026-02-28 18:12:23.491797+00:00
442.00,2026-02-28T18:12:13.216482Z,0.4200,yes,KXKHAMENEIOUT-AKHA-26SEP01,c6cdc9f5-a216-5ca6-22de-134571373af3,0.5800,2026-02-28 18:12:13.216482+00:00
251.00,2026-02-28T18:12:13.216482Z,0.4200,yes,KXKHAMENEIOUT-AKHA-26SEP01,a759fb35-57ad-5410-1924-5d3bdd4cc5d1,0.5800,2026-02-28 18:12:13.216482+00:00
493.00,2026-02-28T18:12:13.216482Z,0.4200,yes,KXKHAMENEIOUT-AKHA-26SEP01,9b04adbf-923f-5244-25c5-85c3455530f3,0.5800,2026-02-28 18:12:13.216482+00:00
70.00,2026-02-28T18:12:13.216482Z,0.4200,yes,KXKHAMENEIOUT-AKHA-26SEP01,27c34d15-f4f5-5361-059d-d8d8a8ec27cc,0.5800,2026-02-28 18:12:13.216482+00:00
8.00,2026-02-28T18:12:09.156293Z,0.4200,yes,KXKHAMENEIOUT-AKHA-26SEP01,6fda37ae-122e-6db2-7372-db8dd711449f,0.5800,2026-02-28 18:12:09.156293+00:00
3.00,2026-02-28T18:11:44.264329Z,0.4200,yes,KXKHAMENEIOUT-AKHA-26SEP01,d7765175-bc3a-73ae-5c6b-c304b5239fcf,0.5800,2026-02-28 18:11:44.264329+00:00
155.00,2026-02-28T18:10:52.353857Z,0.4200,yes,KXKHAMENEIOUT-AKHA-26SEP01,3d549251-dc3e-5136-7fe3-d8daf73a21a7,0.5800,2026-02-28 18:10:52.353857+00:00
16.00,2026-02-28T18:10:04.408803Z,0.4200,yes,KXKHAMENEIOUT-AKHA-26SEP01,b06a1e08-30d2-6f06-1159-17f8d8a8debb,0.5800,2026-02-28 18:10:04.408803+00:00
50.00,2026-02-28T18:09:29.298305Z,0.4200,yes,KXKHAMENEIOUT-AKHA-26SEP01,78d77c1c-acb2-4d22-610b-b8aa31d86697,0.5800,2026-02-28 18:09:29.298305+00:00
1600.00,2026-02-28T18:09:16.874414Z,0.4200,yes,KXKHAMENEIOUT-AKHA-26SEP01,3ab37620-0d62-48b2-7873-5ab0c348b0e7,0.5800,2026-02-28 18:09:16.874414+00:00
416.00,2026-02-28T18:08:31.746844Z,0.4200,yes,KXKHAMENEIOUT-AKHA-26SEP01,183fd14f-6996-62d6-d219-9fd9993e2d17,0.5800,2026-02-28 18:08:31.746844+00:00
54.00,2026-02-28T18:08:17.43839Z,0.4200,yes,KXKHAMENEIOUT-AKHA-26SEP01,a356a7f9-cba6-7766-f303-8a66e7c702fb,0.5800,2026-02-28 18:08:17.438390+00:00
112.00,2026-02-28T18:08:17.43839Z,0.4200,yes,KXKHAMENEIOUT-AKHA-26SEP01,719dd417-8fa5-7827-c976-7a81fb0f720a,0.5800,2026-02-28 18:08:17.438390+00:00
102.00,2026-02-28T18:07:55.639344Z,0.4300,no,KXKHAMENEIOUT-AKHA-26SEP01,a8a4971a-5077-5a22-4202-62c60a830427,0.5700,2026-02-28 18:07:55.639344+00:00
8.00,2026-02-28T18:07:37.204656Z,0.4200,yes,KXKHAMENEIOUT-AKHA-26SEP01,66f32f6a-980d-4037-3b3d-fbf6e8cfb9ea,0.5800,2026-02-28 18:07:37.204656+00:00
50.00,2026-02-28T18:07:23.405087Z,0.4200,yes,KXKHAMENEIOUT-AKHA-26SEP01,6809e174-a0bd-70bb-dd4b-46cf6ec1656a,0.5800,2026-02-28 18:07:23.405087+00:00
16.00,2026-02-28T18:06:54.801121Z,0.4200,yes,KXKHAMENEIOUT-AKHA-26SEP01,c87bfa14-3ced-7c8b-8913-c10bc554a676,0.5800,2026-02-28 18:06:54.801121+00:00
163.00,2026-02-28T18:06:30.736634Z,0.4200,yes,KXKHAMENEIOUT-AKHA-26SEP01,98386da9-ad15-6543-10c6-b83d1847408e,0.5800,2026-02-28 18:06:30.736634+00:00
251.00,2026-02-28T18:06:23.410809Z,0.4200,yes,KXKHAMENEIOUT-AKHA-26SEP01,31b999e8-6851-40bb-1581-865e597f188e,0.5800,2026-02-28 18:06:23.410809+00:00
33.00,2026-02-28T18:05:42.944513Z,0.4300,no,KXKHAMENEIOUT-AKHA-26SEP01,53aae5a2-64e3-7b7e-9be3-67ee9dfb5f6f,0.5700,2026-02-28 18:05:42.944513+00:00
43.00,2026-02-28T18:05:40.181954Z,0.4300,no,KXKHAMENEIOUT-AKHA-26SEP01,6d90fed1-bcbb-6972-ca81-b2b43934003f,0.5700,2026-02-28 18:05:40.181954+00:00
83.00,2026-02-28T18:05:28.295447Z,0.4200,yes,KXKHAMENEIOUT-AKHA-26SEP01,8b95d0c5-91ed-4223-ed04-004d5d7cf6c6,0.5800,2026-02-28 18:05:28.295447+00:00
66.00,2026-02-28T18:05:26.81248Z,0.4200,yes,KXKHAMENEIOUT-AKHA-26SEP01,b914acac-5e07-4d84-b279-d9361ada729c,0.5800,2026-02-28 18:05:26.812480+00:00
100.00,2026-02-28T18:05:26.81248Z,0.4200,yes,KXKHAMENEIOUT-AKHA-26SEP01,1a451dbd-64dd-4d9b-886d-9bb67c494346,0.5800,2026-02-28 18:05:26.812480+00:00
494.00,2026-02-28T18:05:20.076844Z,0.4200,yes,KXKHAMENEIOUT-AKHA-26SEP01,8bfb1214-8d03-7a24-0666-1a8e9e099a98,0.5800,2026-02-28 18:05:20.076844+00:00
13.00,2026-02-28T18:04:24.959297Z,0.4200,yes,KXKHAMENEIOUT-AKHA-26SEP01,d407282a-9db3-76c0-22db-412cedd45f1c,0.5800,2026-02-28 18:04:24.959297+00:00
25.00,2026-02-28T18:03:54.77757Z,0.4200,yes,KXKHAMENEIOUT-AKHA-26SEP01,bee5c188-279b-67bc-4c86-ae2e82169f54,0.5800,2026-02-28 18:03:54.777570+00:00
41.00,2026-02-28T18:02:56.244284Z,0.4200,yes,KXKHAMENEIOUT-AKHA-26SEP01,109df96d-9293-64b4-d793-35861e3b92d0,0.5800,2026-02-28 18:02:56.244284+00:00
25.00,2026-02-28T18:02:55.977121Z,0.4200,yes,KXKHAMENEIOUT-AKHA-26SEP01,e151a79e-68eb-4a64-e7ff-d3977bae6910,0.5800,2026-02-28 18:02:55.977121+00:00
8.00,2026-02-28T18:02:55.15519Z,0.4200,yes,KXKHAMENEIOUT-AKHA-26SEP01,80f94e36-bd77-734c-6caf-3246cecafc94,0.5800,2026-02-28 18:02:55.155190+00:00
1150.00,2026-02-28T18:02:42.53697Z,0.4300,no,KXKHAMENEIOUT-AKHA-26SEP01,6d761ecb-0ff3-7d92-6d11-bc45df4d87f3,0.5700,2026-02-28 18:02:42.536970+00:00
100.00,2026-02-28T18:02:34.212316Z,0.4200,yes,KXKHAMENEIOUT-AKHA-26SEP01,e089b50d-d5df-4184-fde2-d12c072c9348,0.5800,2026-02-28 18:02:34.212316+00:00
66.00,2026-02-28T18:02:11.762703Z,0.4200,yes,KXKHAMENEIOUT-AKHA-26SEP01,73c79315-b6ab-4d6c-da27-156e6037d7b0,0.5800,2026-02-28 18:02:11.762703+00:00
161.00,2026-02-28T18:02:01.834308Z,0.4200,yes,KXKHAMENEIOUT-AKHA-26SEP01,814d167a-369f-4528-0560-4104b012e354,0.5800,2026-02-28 18:02:01.834308+00:00
5.00,2026-02-28T18:02:01.834308Z,0.4200,yes,KXKHAMENEIOUT-AKHA-26SEP01,1d18a345-b9ce-4b54-1fe4-36c6aa7fad78,0.5800,2026-02-28 18:02:01.834308+00:00
10.00,2026-02-28T18:01:59.237107Z,0.4300,no,KXKHAMENEIOUT-AKHA-26SEP01,d4890c23-8807-7466-d316-8b13e586980f,0.5700,2026-02-28 18:01:59.237107+00:00
33.00,2026-02-28T18:01:36.576691Z,0.4200,yes,KXKHAMENEIOUT-AKHA-26SEP01,196bfa78-958e-4f60-3b22-5ef43b853904,0.5800,2026-02-28 18:01:36.576691+00:00
126.00,2026-02-28T18:01:33.889005Z,0.4300,no,KXKHAMENEIOUT-AKHA-26SEP01,ebeb8ea9-06db-6ee6-baea-5e95ab51559b,0.5700,2026-02-28 18:01:33.889005+00:00
150.00,2026-02-28T18:01:23.998584Z,0.4200,yes,KXKHAMENEIOUT-AKHA-26SEP01,376073bc-d70a-59d4-98d0-f38fc57e6358,0.5800,2026-02-28 18:01:23.998584+00:00
83.00,2026-02-28T18:01:16.506357Z,0.4200,yes,KXKHAMENEIOUT-AKHA-26SEP01,939bd32d-a0da-7068-08f4-ee7672d3cf94,0.5800,2026-02-28 18:01:16.506357+00:00
89.00,2026-02-28T18:01:11.108973Z,0.4200,yes,KXKHAMENEIOUT-AKHA-26SEP01,6a9b6036-28d6-4e10-4911-702aaf2f65e0,0.5800,2026-02-28 18:01:11.108973+00:00
2.00,2026-02-28T18:01:10.912062Z,0.4200,yes,KXKHAMENEIOUT-AKHA-26SEP01,89d5d1b3-20f6-43b8-397b-e11fd7957ce8,0.5800,2026-02-28 18:01:10.912062+00:00
6.00,2026-02-28T18:00:53.937991Z,0.4200,yes,KXKHAMENEIOUT-AKHA-26SEP01,2ae0192e-507e-4768-4f98-1d653b35ddb4,0.5800,2026-02-28 18:00:53.937991+00:00
20.00,2026-02-28T18:00:31.747247Z,0.4200,yes,KXKHAMENEIOUT-AKHA-26SEP01,a2a8be22-62ea-6540-1eff-7bc2ce58b7e0,0.5800,2026-02-28 18:00:31.747247+00:00
46.00,2026-02-28T18:00:21.314583Z,0.4200,yes,KXKHAMENEIOUT-AKHA-26SEP01,d7b18794-a2ce-6270-9df4-50a17b81b9c4,0.5800,2026-02-28 18:00:21.314583+00:00
33.00,2026-02-28T17:59:56.673279Z,0.4200,yes,KXKHAMENEIOUT-AKHA-26SEP01,9623ea0d-9d9e-73dc-fc02-24577ac9d4e8,0.5800,2026-02-28 17:59:56.673279+00:00
33.00,2026-02-28T17:59:42.597205Z,0.4200,yes,KXKHAMENEIOUT-AKHA-26SEP01,6ee8be17-c036-66d8-dfd4-04d3212c0108,0.5800,2026-02-28 17:59:42.597205+00:00
31.00,2026-02-28T17:58:11.461387Z,0.4200,no,KXKHAMENEIOUT-AKHA-26SEP01,d3d7321e-9637-4c6f-edd3-c1dc62257de8,0.5800,2026-02-28 17:58:11.461387+00:00
9.00,2026-02-28T17:58:11.461387Z,0.4200,no,KXKHAMENEIOUT-AKHA-26SEP01,c9480449-7f0f-4ef2-ca7e-1d5a0dfbd2bf,0.5800,2026-02-28 17:58:11.461387+00:00
1174.00,2026-02-28T17:58:11.461387Z,0.4300,no,KXKHAMENEIOUT-AKHA-26SEP01,77d92bd0-bc1f-4b4e-ddd7-ee4e9c70189f,0.5700,2026-02-28 17:58:11.461387+00:00
48.00,2026-02-28T17:58:11.461387Z,0.4300,no,KXKHAMENEIOUT-AKHA-26SEP01,64890f8b-86aa-453f-f813-7ef43add3c20,0.5700,2026-02-28 17:58:11.461387+00:00
202.00,2026-02-28T17:58:11.461387Z,0.4200,no,KXKHAMENEIOUT-AKHA-26SEP01,06982777-20d8-4177-e34e-e21e8ba2ddcf,0.5800,2026-02-28 17:58:11.461387+00:00
16.00,2026-02-28T17:58:10.568539Z,0.4100,yes,KXKHAMENEIOUT-AKHA-26SEP01,e0d0882c-d13f-76df-d2c9-32a14f240b9b,0.5900,2026-02-28 17:58:10.568539+00:00
82.00,2026-02-28T17:57:07.86912Z,0.4100,yes,KXKHAMENEIOUT-AKHA-26SEP01,c6735666-5cd3-6dc3-8d5c-459695a6faa7,0.5900,2026-02-28 17:57:07.869120+00:00
16.00,2026-02-28T17:56:56.803665Z,0.4200,no,KXKHAMENEIOUT-AKHA-26SEP01,f9f436a4-2357-7687-7a77-3b0d2064c0d4,0.5800,2026-02-28 17:56:56.803665+00:00
3.00,2026-02-28T17:56:51.706234Z,0.4100,yes,KXKHAMENEIOUT-AKHA-26SEP01,c43bb735-834f-5fef-0c08-223b095c0d93,0.5900,2026-02-28 17:56:51.706234+00:00
98.00,2026-02-28T17:56:45.5808Z,0.4100,yes,KXKHAMENEIOUT-AKHA-26SEP01,af10d6f0-a4a7-7ebb-1934-ccd684fa100b,0.5900,2026-02-28 17:56:45.580800+00:00
24.00,2026-02-28T17:56:23.019569Z,0.4100,yes,KXKHAMENEIOUT-AKHA-26SEP01,9ff8f985-b687-7d1b-3488-0c7a0acf1ec7,0.5900,2026-02-28 17:56:23.019569+00:00
1.00,2026-02-28T17:55:30.766863Z,0.4100,yes,KXKHAMENEIOUT-AKHA-26SEP01,9d70f647-af2f-53f3-bd80-cfff10c81c4f,0.5900,2026-02-28 17:55:30.766863+00:00
54.00,2026-02-28T17:54:54.312721Z,0.4100,yes,KXKHAMENEIOUT-AKHA-26SEP01,c1891449-9547-639f-7dda-fde5e2c3dcd7,0.5900,2026-02-28 17:54:54.312721+00:00
8.00,2026-02-28T17:54:23.840182Z,0.4100,yes,KXKHAMENEIOUT-AKHA-26SEP01,efc0e4b2-826f-7757-e15d-afadd9f544b3,0.5900,2026-02-28 17:54:23.840182+00:00
1952.00,2026-02-28T17:53:41.179823Z,0.4300,no,KXKHAMENEIOUT-AKHA-26SEP01,644de9d7-549e-5fd3-fbf2-fef9b00ad4c4,0.5700,2026-02-28 17:53:41.179823+00:00
862.00,2026-02-28T17:53:41.179823Z,0.4300,no,KXKHAMENEIOUT-AKHA-26SEP01,63b033dc-2ef9-5487-f436-3111f51e4cc5,0.5700,2026-02-28 17:53:41.179823+00:00
6.00,2026-02-28T17:53:35.831817Z,0.4300,no,KXKHAMENEIOUT-AKHA-26SEP01,db0c5566-7b69-656b-36dd-fab8e72b8f61,0.5700,2026-02-28 17:53:35.831817+00:00
13.00,2026-02-28T17:53:32.659918Z,0.4200,yes,KXKHAMENEIOUT-AKHA-26SEP01,3cea3f34-c35f-523c-810c-d4676a8bdbf7,0.5800,2026-02-28 17:53:32.659918+00:00
33.00,2026-02-28T17:53:29.916417Z,0.4200,yes,KXKHAMENEIOUT-AKHA-26SEP01,d86c6455-cb93-684c-f1a4-3c96198cf22f,0.5800,2026-02-28 17:53:29.916417+00:00
33.00,2026-02-28T17:53:15.34239Z,0.4200,yes,KXKHAMENEIOUT-AKHA-26SEP01,71a521e3-802b-4bfc-9422-00c570557dab,0.5800,2026-02-28 17:53:15.342390+00:00
1093.00,2026-02-28T17:53:07.942464Z,0.4200,no,KXKHAMENEIOUT-AKHA-26SEP01,c0032b98-eed7-50c8-c9e5-12fb741898e2,0.5800,2026-02-28 17:53:07.942464+00:00
1950.00,2026-02-28T17:53:07.942464Z,0.4200,no,KXKHAMENEIOUT-AKHA-26SEP01,b571850d-b8d5-5d13-c06d-323b6e800319,0.5800,2026-02-28 17:53:07.942464+00:00
9.00,2026-02-28T17:53:07.942464Z,0.4200,no,KXKHAMENEIOUT-AKHA-26SEP01,3043fe3e-9ed5-5ca5-d394-aa34e1b9e5f0,0.5800,2026-02-28 17:53:07.942464+00:00
1555.00,2026-02-28T17:53:07.942464Z,0.4200,no,KXKHAMENEIOUT-AKHA-26SEP01,2aa96249-0229-56dc-e39e-d8c883a7d6f1,0.5800,2026-02-28 17:53:07.942464+00:00
9.00,2026-02-28T17:52:56.914893Z,0.4100,yes,KXKHAMENEIOUT-AKHA-26SEP01,bbb7ae1e-4447-7987-9c83-97ab30bbc21b,0.5900,2026-02-28 17:52:56.914893+00:00
16.00,2026-02-28T17:52:00.782087Z,0.4100,yes,KXKHAMENEIOUT-AKHA-26SEP01,0d146e74-f663-4cc7-0045-ebf93bac41bf,0.5900,2026-02-28 17:52:00.782087+00:00
50.00,2026-02-28T17:51:44.863467Z,0.4200,no,KXKHAMENEIOUT-AKHA-26SEP01,c4d987a1-c2e1-6777-b55f-b0c07e3985e1,0.5800,2026-02-28 17:51:44.863467+00:00
10.00,2026-02-28T17:51:09.676748Z,0.4300,no,KXKHAMENEIOUT-AKHA-26SEP01,1a721564-9405-5d0b-e3b0-8661366091f1,0.5700,2026-02-28 17:51:09.676748+00:00
591.00,2026-02-28T17:50:39.111947Z,0.4100,yes,KXKHAMENEIOUT-AKHA-26SEP01,411fd5c4-931b-544b-51df-1fcdb2514a5f,0.5900,2026-02-28 17:50:39.111947+00:00
16.00,2026-02-28T17:50:24.698325Z,0.4100,yes,KXKHAMENEIOUT-AKHA-26SEP01,c48f0663-29cf-41b7-b8da-18d86a343607,0.5900,2026-02-28 17:50:24.698325+00:00
251.00,2026-02-28T17:49:24.670829Z,0.4200,yes,KXKHAMENEIOUT-AKHA-26SEP01,d1709b07-5b30-5081-01e1-67cd8b3c75af,0.5800,2026-02-28 17:49:24.670829+00:00
33.00,2026-02-28T17:49:17.411993Z,0.4200,yes,KXKHAMENEIOUT-AKHA-26SEP01,a4e37fc7-0f2c-6bd9-e1a5-263c0a869657,0.5800,2026-02-28 17:49:17.411993+00:00
5.00,2026-02-28T17:49:01.994876Z,0.4200,yes,KXKHAMENEIOUT-AKHA-26SEP01,662d04c3-2730-7905-443f-dda0a71d3e6f,0.5800,2026-02-28 17:49:01.994876+00:00
3.00,2026-02-28T17:48:59.430145Z,0.4200,yes,KXKHAMENEIOUT-AKHA-26SEP01,b7439780-8750-6715-8f36-df882c6a94d3,0.5800,2026-02-28 17:48:59.430145+00:00
16.00,2026-02-28T17:48:56.556824Z,0.4200,yes,KXKHAMENEIOUT-AKHA-26SEP01,7a1c73c3-c5ac-70fd-7ea3-fc01d331322b,0.5800,2026-02-28 17:48:56.556824+00:00
8.00,2026-02-28T17:48:48.251561Z,0.4200,yes,KXKHAMENEIOUT-AKHA-26SEP01,f781ce3f-4450-6b09-08f8-e2ead0d50fdf,0.5800,2026-02-28 17:48:48.251561+00:00
2.00,2026-02-28T17:48:24.612928Z,0.4200,yes,KXKHAMENEIOUT-AKHA-26SEP01,7832e929-cbfc-6b2d-2aa5-e2ca8da22e8f,0.5800,2026-02-28 17:48:24.612928+00:00
2.00,2026-02-28T17:48:09.784698Z,0.4200,yes,KXKHAMENEIOUT-AKHA-26SEP01,bc104678-d768-6df5-f92e-aa95ae975d53,0.5800,2026-02-28 17:48:09.784698+00:00
128.00,2026-02-28T17:48:05.949521Z,0.4200,yes,KXKHAMENEIOUT-AKHA-26SEP01,4170bb28-6c81-42f4-4c5e-7bc2b9463536,0.5800,2026-02-28 17:48:05.949521+00:00
77.00,2026-02-28T17:48:05.949521Z,0.4200,yes,KXKHAMENEIOUT-AKHA-26SEP01,245e40c7-2238-4d65-4a54-8008ca33c62b,0.5800,2026-02-28 17:48:05.949521+00:00
181.00,2026-02-28T17:48:04.690298Z,0.4300,no,KXKHAMENEIOUT-AKHA-26SEP01,1955ecdf-5421-632b-8d8e-1263ed759b59,0.5700,2026-02-28 17:48:04.690298+00:00
11.00,2026-02-28T17:47:43.740238Z,0.4300,no,KXKHAMENEIOUT-AKHA-26SEP01,1819f4e2-caa5-4bdf-7743-98023d8e94cd,0.5700,2026-02-28 17:47:43.740238+00:00
33.00,2026-02-28T17:47:20.119591Z,0.4200,yes,KXKHAMENEIOUT-AKHA-26SEP01,22a19ff1-742d-53b0-b089-8a892159ce42,0.5800,2026-02-28 17:47:20.119591+00:00
41.00,2026-02-28T17:47:18.494466Z,0.4300,no,KXKHAMENEIOUT-AKHA-26SEP01,eff226e9-3bd9-4933-2fc6-1f32496bd815,0.5700,2026-02-28 17:47:18.494466+00:00
2000.00,2026-02-28T17:47:10.830508Z,0.4200,yes,KXKHAMENEIOUT-AKHA-26SEP01,ae8dce55-26a1-47b4-e369-fcbeeebfc4f2,0.5800,2026-02-28 17:47:10.830508+00:00
141.00,2026-02-28T17:47:05.44727Z,0.4200,yes,KXKHAMENEIOUT-AKHA-26SEP01,fcd26c3d-c899-4984-b4c3-2a58ac5fc8ca,0.5800,2026-02-28 17:47:05.447270+00:00
11.00,2026-02-28T17:46:54.737508Z,0.4200,no,KXKHAMENEIOUT-AKHA-26SEP01,c1e70942-8843-7300-2ffd-36ec6981af03,0.5800,2026-02-28 17:46:54.737508+00:00
3000.00,2026-02-28T17:46:54.737508Z,0.4200,no,KXKHAMENEIOUT-AKHA-26SEP01,998e43e6-9a2a-7231-1724-51560e02f6b4,0.5800,2026-02-28 17:46:54.737508+00:00
9.00,2026-02-28T17:46:54.737508Z,0.4100,no,KXKHAMENEIOUT-AKHA-26SEP01,522fbd8f-765e-7abf-0cc5-a1a357e23fb7,0.5900,2026-02-28 17:46:54.737508+00:00
1932.00,2026-02-28T17:46:49.964189Z,0.4000,yes,KXKHAMENEIOUT-AKHA-26SEP01,b022afc0-74f3-46a5-8136-5364737636c6,0.6000,2026-02-28 17:46:49.964189+00:00
68.00,2026-02-28T17:46:49.964189Z,0.4000,yes,KXKHAMENEIOUT-AKHA-26SEP01,5019a014-0929-4bae-9ce8-c0683076c8e0,0.6000,2026-02-28 17:46:49.964189+00:00
162.00,2026-02-28T17:46:39.275463Z,0.4000,yes,KXKHAMENEIOUT-AKHA-26SEP01,b3c7c75c-6bf1-621f-d8f5-88412c1aeee4,0.6000,2026-02-28 17:46:39.275463+00:00
40.00,2026-02-28T17:46:32.289691Z,0.4000,yes,KXKHAMENEIOUT-AKHA-26SEP01,6d032a4f-de51-78c7-3078-d507f5cd3aa8,0.6000,2026-02-28 17:46:32.289691+00:00
54.00,2026-02-28T17:46:31.279124Z,0.4000,yes,KXKHAMENEIOUT-AKHA-26SEP01,fbcc4589-a4ad-688b-673b-04ecd4899df8,0.6000,2026-02-28 17:46:31.279124+00:00
1.00,2026-02-28T17:46:31.279124Z,0.4100,yes,KXKHAMENEIOUT-AKHA-26SEP01,70ba9de1-78bc-619f-46ce-e26f43367d98,0.5900,2026-02-28 17:46:31.279124+00:00
9.00,2026-02-28T17:46:31.279124Z,0.4000,yes,KXKHAMENEIOUT-AKHA-26SEP01,5259b03d-17f7-6e46-6f82-20846b12fbc2,0.6000,2026-02-28 17:46:31.279124+00:00
200.00,2026-02-28T17:46:30.27155Z,0.4100,yes,KXKHAMENEIOUT-AKHA-26SEP01,c681de8e-2834-52db-5ca9-ff51a77c5340,0.5900,2026-02-28 17:46:30.271550+00:00
230.00,2026-02-28T17:46:18.720421Z,0.4100,yes,KXKHAMENEIOUT-AKHA-26SEP01,caed2a2c-9bbc-649b-1894-aa88080199a4,0.5900,2026-02-28 17:46:18.720421+00:00
47.00,2026-02-28T17:46:18.095234Z,0.4100,yes,KXKHAMENEIOUT-AKHA-26SEP01,2e8fae8c-1510-7497-d788-bbe3902e217c,0.5900,2026-02-28 17:46:18.095234+00:00
39.00,2026-02-28T17:46:07.430274Z,0.4300,yes,KXKHAMENEIOUT-AKHA-26SEP01,3a3b04a8-72b3-4fb7-a447-89353b024b92,0.5700,2026-02-28 17:46:07.430274+00:00
34.00,2026-02-28T17:45:45.483033Z,0.4300,yes,KXKHAMENEIOUT-AKHA-26SEP01,d77a718d-d237-71db-1d71-fd5d1b7b952e,0.5700,2026-02-28 17:45:45.483033+00:00
25.00,2026-02-28T17:45:37.450925Z,0.4300,yes,KXKHAMENEIOUT-AKHA-26SEP01,867203d7-cdd3-64c3-7d0d-4b5f27319e56,0.5700,2026-02-28 17:45:37.450925+00:00
170.00,2026-02-28T17:44:57.491838Z,0.4300,yes,KXKHAMENEIOUT-AKHA-26SEP01,1f8a6e42-0473-5ba3-9451-185a39b4b27e,0.5700,2026-02-28 17:44:57.491838+00:00
1.00,2026-02-28T17:44:53.549461Z,0.4300,yes,KXKHAMENEIOUT-AKHA-26SEP01,d9d6af65-83df-6ae3-550d-87e3eb86d0fe,0.5700,2026-02-28 17:44:53.549461+00:00
