count_fp,created_time,no_price_dollars,taker_side,ticker,trade_id,yes_price_dollars,ts_utc
5222.00,2026-02-28T19:59:23.801549Z,0.9100,yes,KXKHAMENEIOUT-AKHA-26MAR01,ac296b3f-9929-72cd-4085-fb3e21c0f521,0.0900,2026-02-28 19:59:23.801549+00:00
261.00,2026-02-28T19:59:23.527096Z,0.9100,yes,KXKHAMENEIOUT-AKHA-26MAR01,b74b1029-21a1-4dd9-97c5-37dcf52fe025,0.0900,2026-02-28 19:59:23.527096+00:00
208.00,2026-02-28T19:59:23.402512Z,0.9100,yes,KXKHAMENEIOUT-AKHA-26MAR01,aca0de62-a739-7eb9-4efc-19f742a4474d,0.0900,2026-02-28 19:59:23.402512+00:00
52.00,2026-02-28T19:59:23.101378Z,0.9100,yes,KXKHAMENEIOUT-AKHA-26MAR01,2305b08c-cedd-7aa1-cb29-5b9d0a4bfc3d,0.0900,2026-02-28 19:59:23.101378+00:00
104.00,2026-02-28T19:59:22.955482Z,0.9100,yes,KXKHAMENEIOUT-AKHA-26MAR01,772244b6-ecb5-54a9-343b-136bdf80b8b5,0.0900,2026-02-28 19:59:22.955482+00:00
7.00,2026-02-28T19:59:22.83988Z,0.9100,yes,KXKHAMENEIOUT-AKHA-26MAR01,02cc4972-0381-42d5-32a2-ed9ab757ee51,0.0900,2026-02-28 19:59:22.839880+00:00
156.00,2026-02-28T19:59:22.678887Z,0.9100,yes,KXKHAMENEIOUT-AKHA-26MAR01,e0ede061-b65d-4ba1-f440-2057f0ce6bed,0.0900,2026-02-28 19:59:22.678887+00:00
83.00,2026-02-28T19:59:22.100926Z,0.9100,yes,KXKHAMENEIOUT-AKHA-26MAR01,90810d20-e42d-7b95-7cbb-b819f9825201,0.0900,2026-02-28 19:59:22.100926+00:00
4545.00,2026-02-28T19:59:21.748065Z,0.9100,yes,KXKHAMENEIOUT-AKHA-26MAR01,80be713d-79b1-6815-e013-d84773ba3fd1,0.0900,2026-02-28 19:59:21.748065+00:00
261.00,2026-02-28T19:59:21.539097Z,0.9100,yes,KXKHAMENEIOUT-AKHA-26MAR01,a3a695fc-4b85-7cbd-fd9c-c04fd6f47731,0.0900,2026-02-28 19:59:21.539097+00:00
781.00,2026-02-28T19:59:21.076525Z,0.9100,yes,KXKHAMENEIOUT-AKHA-26MAR01,e405744e-4965-4e95-d36e-5466980d924d,0.0900,2026-02-28 19:59:21.076525+00:00
114.00,2026-02-28T19:59:20.607681Z,0.9100,yes,KXKHAMENEIOUT-AKHA-26MAR01,684a846f-9b29-4615-5d1e-9a1da413ff01,0.0900,2026-02-28 19:59:20.607681+00:00
313.00,2026-02-28T19:59:20.247422Z,0.9100,yes,KXKHAMENEIOUT-AKHA-26MAR01,e98a4753-064d-602d-6ca5-afbf9b7fd371,0.0900,2026-02-28 19:59:20.247422+00:00
20.00,2026-02-28T19:59:20.060852Z,0.9100,yes,KXKHAMENEIOUT-AKHA-26MAR01,08cb9694-83e9-4409-0885-41df2cc98b85,0.0900,2026-02-28 19:59:20.060852+00:00
100.00,2026-02-28T19:59:19.696178Z,0.9100,yes,KXKHAMENEIOUT-AKHA-26MAR01,c62d1d84-ea31-50d5-a323-fd745e538cb5,0.0900,2026-02-28 19:59:19.696178+00:00
1044.00,2026-02-28T19:59:19.468267Z,0.9100,yes,KXKHAMENEIOUT-AKHA-26MAR01,d120c03d-0a65-5e91-5779-cfa99228a12d,0.0900,2026-02-28 19:59:19.468267+00:00
10.00,2026-02-28T19:59:18.80669Z,0.9100,yes,KXKHAMENEIOUT-AKHA-26MAR01,3b6acdea-5bad-59ad-e19e-290edadc84e1,0.0900,2026-02-28 19:59:18.806690+00:00
2089.00,2026-02-28T19:59:18.708887Z,0.9100,yes,KXKHAMENEIOUT-AKHA-26MAR01,249ec5cf-9f41-4a69-cdd5-18d6bf9529c9,0.0900,2026-02-28 19:59:18.708887+00:00
104.00,2026-02-28T19:59:18.604705Z,0.9100,yes,KXKHAMENEIOUT-AKHA-26MAR01,d038323c-0a09-7689-7a9a-8ecb624f65b5,0.0900,2026-02-28 19:59:18.604705+00:00
31.00,2026-02-28T19:59:18.371034Z,0.9100,yes,KXKHAMENEIOUT-AKHA-26MAR01,1d60e830-ae01-671d-f4c3-e3024678d4c9,0.0900,2026-02-28 19:59:18.371034+00:00
1044.00,2026-02-28T19:59:18.265595Z,0.9100,yes,KXKHAMENEIOUT-AKHA-26MAR01,c344a53a-a079-4585-4d9b-94ab8fcc981d,0.0900,2026-02-28 19:59:18.265595+00:00
2089.00,2026-02-28T19:59:17.746874Z,0.9100,yes,KXKHAMENEIOUT-AKHA-26MAR01,44dacf40-4189-6a85-93f5-b5c0e502adcd,0.0900,2026-02-28 19:59:17.746874+00:00
11.00,2026-02-28T19:59:17.057592Z,0.9100,yes,KXKHAMENEIOUT-AKHA-26MAR01,e1f29bbc-0fa5-7555-b3e1-bf2bfe0b4db1,0.0900,2026-02-28 19:59:17.057592+00:00
107.00,2026-02-28T19:59:16.297043Z,0.9100,yes,KXKHAMENEIOUT-AKHA-26MAR01,5eb365d1-2d89-4f35-b572-3da07ce795e5,0.0900,2026-02-28 19:59:16.297043+00:00
522.00,2026-02-28T19:59:16.296127Z,0.9100,yes,KXKHAMENEIOUT-AKHA-26MAR01,cad30e55-6e61-7139-17e5-8c295a3fb9b5,0.0900,2026-02-28 19:59:16.296127+00:00
20.00,2026-02-28T19:59:15.836048Z,0.9100,yes,KXKHAMENEIOUT-AKHA-26MAR01,b19173b7-b99d-5959-0208-4511b93fa8bd,0.0900,2026-02-28 19:59:15.836048+00:00
10.00,2026-02-28T19:59:15.329642Z,0.9200,no,KXKHAMENEIOUT-AKHA-26MAR01,cc171725-f8ad-716d-1eb9-067b861af637,0.0800,2026-02-28 19:59:15.329642+00:00
2914.00,2026-02-28T19:59:14.878054Z,0.9100,yes,KXKHAMENEIOUT-AKHA-26MAR01,0fc9d7dd-b731-5da9-7baa-709db8315d4d,0.0900,2026-02-28 19:59:14.878054+00:00
47.00,2026-02-28T19:59:14.648084Z,0.9100,yes,KXKHAMENEIOUT-AKHA-26MAR01,525de128-ed21-7d65-f45a-da118f453ac5,0.0900,2026-02-28 19:59:14.648084+00:00
64.00,2026-02-28T19:59:13.301596Z,0.9100,yes,KXKHAMENEIOUT-AKHA-26MAR01,45c0990b-2e9d-6285-47a1-1c6da25f0e71,0.0900,2026-02-28 19:59:13.301596+00:00
4000.00,2026-02-28T19:59:12.881693Z,0.9100,yes,KXKHAMENEIOUT-AKHA-26MAR01,b88f725a-8d61-6591-3f0e-53e8181caead,0.0900,2026-02-28 19:59:12.881693+00:00
10.00,2026-02-28T19:59:12.546002Z,0.9100,yes,KXKHAMENEIOUT-AKHA-26MAR01,27c86c5c-6f31-58e5-f02e-28c21ab6a7b1,0.0900,2026-02-28 19:59:12.546002+00:00
261.00,2026-02-28T19:59:12.219569Z,0.9100,yes,KXKHAMENEIOUT-AKHA-26MAR01,f056fbef-f1c9-6c55-a9cd-853a0492c839,0.0900,2026-02-28 19:59:12.219569+00:00
14.00,2026-02-28T19:59:11.834909Z,0.9100,yes,KXKHAMENEIOUT-AKHA-26MAR01,fa9d1114-7559-550d-9ad4-b475e5486d61,0.0900,2026-02-28 19:59:11.834909+00:00
940.00,2026-02-28T19:59:11.162995Z,0.9100,yes,KXKHAMENEIOUT-AKHA-26MAR01,d0f8e8e6-2835-7ecd-01f5-f7941537e4b1,0.0900,2026-02-28 19:59:11.162995+00:00
1044.00,2026-02-28T19:59:10.961013Z,0.9100,yes,KXKHAMENEIOUT-AKHA-26MAR01,a543c471-04d9-4299-d618-bc02ee85a4cd,0.0900,2026-02-28 19:59:10.961013+00:00
261.00,2026-02-28T19:59:10.827785Z,0.9100,yes,KXKHAMENEIOUT-AKHA-26MAR01,302f5a5c-9ef5-4f15-a163-88385a8e0bd9,0.0900,2026-02-28 19:59:10.827785+00:00
522.00,2026-02-28T19:59:10.661533Z,0.9100,yes,KXKHAMENEIOUT-AKHA-26MAR01,d1385f7d-48f1-521d-e25d-468344906221,0.0900,2026-02-28 19:59:10.661533+00:00
52.00,2026-02-28T19:59:10.331046Z,0.9100,yes,KXKHAMENEIOUT-AKHA-26MAR01,b81e8204-8071-5789-5ed2-2671043ab455,0.0900,2026-02-28 19:59:10.331046+00:00
261.00,2026-02-28T19:59:09.54877Z,0.9100,yes,KXKHAMENEIOUT-AKHA-26MAR01,123ca71f-fae5-4ae5-a7f0-4ea3be4efc91,0.0900,2026-02-28 19:59:09.548770+00:00
522.00,2026-02-28T19:59:08.401561Z,0.9100,yes,KXKHAMENEIOUT-AKHA-26MAR01,60630895-fbc1-73f5-05b0-2970e68c43d5,0.0900,2026-02-28 19:59:08.401561+00:00
104.00,2026-02-28T19:59:08.014829Z,0.9100,yes,KXKHAMENEIOUT-AKHA-26MAR01,b4dc19a2-7285-4879-f121-ff49cbccc2a5,0.0900,2026-02-28 19:59:08.014829+00:00
104.00,2026-02-28T19:59:08.005559Z,0.9100,yes,KXKHAMENEIOUT-AKHA-26MAR01,5d4443d9-4ba5-7aa9-f6f2-f980cda81ab9,0.0900,2026-02-28 19:59:08.005559+00:00
41.00,2026-02-28T19:59:07.967681Z,0.9100,yes,KXKHAMENEIOUT-AKHA-26MAR01,5ed4ee56-9675-7219-760c-ac470b91c1cd,0.0900,2026-02-28 19:59:07.967681+00:00
1044.00,2026-02-28T19:59:07.701119Z,0.9100,yes,KXKHAMENEIOUT-AKHA-26MAR01,49836cb9-e9ad-6539-0e41-337295a98e05,0.0900,2026-02-28 19:59:07.701119+00:00
52.00,2026-02-28T19:59:06.863622Z,0.9100,yes,KXKHAMENEIOUT-AKHA-26MAR01,e512ab34-a201-5e11-a064-90859eb58799,0.0900,2026-02-28 19:59:06.863622+00:00
1044.00,2026-02-28T19:59:05.933188Z,0.9100,yes,KXKHAMENEIOUT-AKHA-26MAR01,49042832-29a1-4189-3e46-87414b9491fd,0.0900,2026-02-28 19:59:05.933188+00:00
3969.00,2026-02-28T19:59:05.255492Z,0.9100,yes,KXKHAMENEIOUT-AKHA-26MAR01,b6d82f97-f78d-5411-b75d-d3809a99a9f9,0.0900,2026-02-28 19:59:05.255492+00:00
104.00,2026-02-28T19:59:04.771592Z,0.9100,yes,KXKHAMENEIOUT-AKHA-26MAR01,bd0cd1a1-0445-42ed-ba2e-083e6458aeb9,0.0900,2026-02-28 19:59:04.771592+00:00
1044.00,2026-02-28T19:59:04.595306Z,0.9100,yes,KXKHAMENEIOUT-AKHA-26MAR01,c51c210f-8bad-7e05-31bb-d3e15ce4bdb1,0.0900,2026-02-28 19:59:04.595306+00:00
104.00,2026-02-28T19:59:04.511712Z,0.9100,yes,KXKHAMENEIOUT-AKHA-26MAR01,7c217018-6fe5-54a5-16b7-cea95fc0cdd9,0.0900,2026-02-28 19:59:04.511712+00:00
2089.00,2026-02-28T19:59:03.517027Z,0.9100,yes,KXKHAMENEIOUT-AKHA-26MAR01,8e00739e-e8bd-4e8d-a704-27acad6dd9d5,0.0900,2026-02-28 19:59:03.517027+00:00
52.00,2026-02-28T19:59:03.073903Z,0.9100,yes,KXKHAMENEIOUT-AKHA-26MAR01,0d003af0-12a1-47fd-abe6-6fb5c162b76d,0.0900,2026-02-28 19:59:03.073903+00:00
52.00,2026-02-28T19:59:02.595472Z,0.9100,yes,KXKHAMENEIOUT-AKHA-26MAR01,940ab8ef-0489-4d69-1d72-a4e9daeebe1d,0.0900,2026-02-28 19:59:02.595472+00:00
522.00,2026-02-28T19:59:02.310221Z,0.9100,yes,KXKHAMENEIOUT-AKHA-26MAR01,cc9706c7-df71-5735-9516-d9ee0c19a7b1,0.0900,2026-02-28 19:59:02.310221+00:00
208.00,2026-02-28T19:59:01.855708Z,0.9100,yes,KXKHAMENEIOUT-AKHA-26MAR01,b4e880d3-5151-4a5d-f1a3-0557ba9ae879,0.0900,2026-02-28 19:59:01.855708+00:00
104.00,2026-02-28T19:59:01.526704Z,0.9100,yes,KXKHAMENEIOUT-AKHA-26MAR01,805da971-2fdd-6ad5-0959-dc3b9ec4b48d,0.0900,2026-02-28 19:59:01.526704+00:00
10.00,2026-02-28T19:59:01.464978Z,0.9100,yes,KXKHAMENEIOUT-AKHA-26MAR01,987d3565-1015-4b81-c083-21b68c6ef011,0.0900,2026-02-28 19:59:01.464978+00:00
104.00,2026-02-28T19:59:00.181293Z,0.9100,yes,KXKHAMENEIOUT-AKHA-26MAR01,9818c1da-31e9-7891-d4fc-235706a0e2a9,0.0900,2026-02-28 19:59:00.181293+00:00
261.00,2026-02-28T19:59:00.110573Z,0.9100,yes,KXKHAMENEIOUT-AKHA-26MAR01,3e23ce43-01b5-4f55-7aff-519b1ccf0659,0.0900,2026-02-28 19:59:00.110573+00:00
1044.00,2026-02-28T19:59:00.098283Z,0.9100,yes,KXKHAMENEIOUT-AKHA-26MAR01,e4e03218-bf09-5da1-6d73-2285acb798d5,0.0900,2026-02-28 19:59:00.098283+00:00
8891.00,2026-02-28T19:58:59.821591Z,0.9100,yes,KXKHAMENEIOUT-AKHA-26MAR01,c9305530-7801-7639-b706-ff04b877ba59,0.0900,2026-02-28 19:58:59.821591+00:00
2599.00,2026-02-28T19:58:59.821591Z,0.9200,yes,KXKHAMENEIOUT-AKHA-26MAR01,0d176a29-e5e0-70fa-9d99-ccdaac840b46,0.0800,2026-02-28 19:58:59.821591+00:00
500.00,2026-02-28T19:58:59.784862Z,0.9200,yes,KXKHAMENEIOUT-AKHA-26MAR01,074bba49-c7b4-555e-42c9-5ab71f6b07ba,0.0800,2026-02-28 19:58:59.784862+00:00
208.00,2026-02-28T19:58:59.642994Z,0.9200,yes,KXKHAMENEIOUT-AKHA-26MAR01,c2514f85-d22c-499e-9f71-faf93cfa9556,0.0800,2026-02-28 19:58:59.642994+00:00
208.00,2026-02-28T19:58:58.749552Z,0.9200,yes,KXKHAMENEIOUT-AKHA-26MAR01,aae382fe-3624-63ee-0a7d-4058a7dc54ba,0.0800,2026-02-28 19:58:58.749552+00:00
19.00,2026-02-28T19:58:58.663293Z,0.9200,yes,KXKHAMENEIOUT-AKHA-26MAR01,b19eb447-54f0-57ce-34ba-8fc76d5101ea,0.0800,2026-02-28 19:58:58.663293+00:00
11.00,2026-02-28T19:58:58.658366Z,0.9200,no,KXKHAMENEIOUT-AKHA-26MAR01,98fa8544-a152-528a-c670-34f2c75f2733,0.0800,2026-02-28 19:58:58.658366+00:00
600.00,2026-02-28T19:58:58.658366Z,0.9200,no,KXKHAMENEIOUT-AKHA-26MAR01,3b71fd8b-b5bc-5760-c62e-886ee434452f,0.0800,2026-02-28 19:58:58.658366+00:00
2611.00,2026-02-28T19:58:58.473376Z,0.9100,yes,KXKHAMENEIOUT-AKHA-26MAR01,84b6bfd2-d965-5031-5e6c-5fbe4d53c995,0.0900,2026-02-28 19:58:58.473376+00:00
522.00,2026-02-28T19:58:58.459414Z,0.9100,yes,KXKHAMENEIOUT-AKHA-26MAR01,500a9f75-c2d9-47dd-8587-d8d2817c040d,0.0900,2026-02-28 19:58:58.459414+00:00
104.00,2026-02-28T19:58:58.315076Z,0.9100,yes,KXKHAMENEIOUT-AKHA-26MAR01,a393ad59-c625-47c9-d628-d968f0719745,0.0900,2026-02-28 19:58:58.315076+00:00
104.00,2026-02-28T19:58:58.261646Z,0.9100,yes,KXKHAMENEIOUT-AKHA-26MAR01,7ccfe636-866d-7be5-88c7-f119b8f2cbad,0.0900,2026-02-28 19:58:58.261646+00:00
208.00,2026-02-28T19:58:57.760793Z,0.9100,yes,KXKHAMENEIOUT-AKHA-26MAR01,92d165ae-c281-67a9-171b-8dec33d95975,0.0900,2026-02-28 19:58:57.760793+00:00
208.00,2026-02-28T19:58:57.652847Z,0.9100,yes,KXKHAMENEIOUT-AKHA-26MAR01,d397b9ab-2545-7ca5-b17f-16c5714addb5,0.0900,2026-02-28 19:58:57.652847+00:00
20.00,2026-02-28T19:58:57.550813Z,0.9100,yes,KXKHAMENEIOUT-AKHA-26MAR01,882ab002-8395-5cf5-f4b4-afb00cdeb185,0.0900,2026-02-28 19:58:57.550813+00:00
2611.00,2026-02-28T19:58:57.164784Z,0.9100,yes,KXKHAMENEIOUT-AKHA-26MAR01,f2a3b43a-f7c1-66f1-f7ef-7bf029075e49,0.0900,2026-02-28 19:58:57.164784+00:00
271.00,2026-02-28T19:58:56.791689Z,0.9100,yes,KXKHAMENEIOUT-AKHA-26MAR01,d7efe536-5235-531d-f83f-a4d6bf7b3391,0.0900,2026-02-28 19:58:56.791689+00:00
261.00,2026-02-28T19:58:56.509168Z,0.9100,yes,KXKHAMENEIOUT-AKHA-26MAR01,47bc902f-15fd-4b05-995c-5572415ab3cd,0.0900,2026-02-28 19:58:56.509168+00:00
1000.00,2026-02-28T19:58:56.495047Z,0.9100,yes,KXKHAMENEIOUT-AKHA-26MAR01,9145d8db-0771-6089-08ea-c885a29654d9,0.0900,2026-02-28 19:58:56.495047+00:00
77.00,2026-02-28T19:58:56.348267Z,0.9100,yes,KXKHAMENEIOUT-AKHA-26MAR01,8669234c-2a49-6835-566b-778936e41b35,0.0900,2026-02-28 19:58:56.348267+00:00
208.00,2026-02-28T19:58:56.227303Z,0.9100,yes,KXKHAMENEIOUT-AKHA-26MAR01,9fae1303-3dcd-7df1-b240-85538f86725d,0.0900,2026-02-28 19:58:56.227303+00:00
10.00,2026-02-28T19:58:55.837511Z,0.9100,yes,KXKHAMENEIOUT-AKHA-26MAR01,8225cd72-9835-535d-574f-fbefc818fcd9,0.0900,2026-02-28 19:58:55.837511+00:00
417.00,2026-02-28T19:58:55.653938Z,0.9100,yes,KXKHAMENEIOUT-AKHA-26MAR01,17912493-e585-66d5-5214-b30dfceb7355,0.0900,2026-02-28 19:58:55.653938+00:00
1744.00,2026-02-28T19:58:55.126566Z,0.9100,yes,KXKHAMENEIOUT-AKHA-26MAR01,237ae62a-8829-5005-3469-86c95cd05109,0.0900,2026-02-28 19:58:55.126566+00:00
100.00,2026-02-28T19:58:54.92158Z,0.9200,no,KXKHAMENEIOUT-AKHA-26MAR01,ba870120-fcf8-7dbc-8c08-c3ba0cda8db3,0.0800,2026-02-28 19:58:54.921580+00:00
8.00,2026-02-28T19:58:54.703119Z,0.9100,yes,KXKHAMENEIOUT-AKHA-26MAR01,ab4abb0d-818d-6e7d-79db-560eb50c6461,0.0900,2026-02-28 19:58:54.703119+00:00
1044.00,2026-02-28T19:58:54.469327Z,0.9100,yes,KXKHAMENEIOUT-AKHA-26MAR01,81d136f8-7b59-6a81-9c06-66fb5dab9715,0.0900,2026-02-28 19:58:54.469327+00:00
1044.00,2026-02-28T19:58:54.15744Z,0.9100,yes,KXKHAMENEIOUT-AKHA-26MAR01,516d0f19-c67d-589d-ea49-b07e1a668bf9,0.0900,2026-02-28 19:58:54.157440+00:00
522.00,2026-02-28T19:58:54.110411Z,0.9100,yes,KXKHAMENEIOUT-AKHA-26MAR01,dd6e1646-c0b5-4fdd-db40-ccbc53f5229d,0.0900,2026-02-28 19:58:54.110411+00:00
1044.00,2026-02-28T19:58:54.009456Z,0.9100,yes,KXKHAMENEIOUT-AKHA-26MAR01,c5f3ae25-272d-4c59-2766-54bb128667f9,0.0900,2026-02-28 19:58:54.009456+00:00
156.00,2026-02-28T19:58:53.652712Z,0.9100,yes,KXKHAMENEIOUT-AKHA-26MAR01,cffaa353-ee69-6af5-a74a-e3bf15166f7d,0.0900,2026-02-28 19:58:53.652712+00:00
208.00,2026-02-28T19:58:53.544912Z,0.9100,yes,KXKHAMENEIOUT-AKHA-26MAR01,977d7786-9fa9-71e5-6f5a-390c022a5331,0.0900,2026-02-28 19:58:53.544912+00:00
1504.00,2026-02-28T19:58:52.475749Z,0.9100,yes,KXKHAMENEIOUT-AKHA-26MAR01,6b4fdb21-40ed-6991-a50d-07cdfb6820a9,0.0900,2026-02-28 19:58:52.475749+00:00
1044.00,2026-02-28T19:58:51.974652Z,0.9100,yes,KXKHAMENEIOUT-AKHA-26MAR01,59166a3d-fa75-7215-4e01-823c7a9f0709,0.0900,2026-02-28 19:58:51.974652+00:00
261.00,2026-02-28T19:58:51.674978Z,0.9100,yes,KXKHAMENEIOUT-AKHA-26MAR01,02916db1-b391-6e41-e6b4-ffbd1088d911,0.0900,2026-02-28 19:58:51.674978+00:00
522.00,2026-02-28T19:58:51.651535Z,0.9100,yes,KXKHAMENEIOUT-AKHA-26MAR01,97a1e530-0d5d-750d-e4d3-eb00faf9fe75,0.0900,2026-02-28 19:58:51.651535+00:00
261.00,2026-02-28T19:58:51.218314Z,0.9100,yes,KXKHAMENEIOUT-AKHA-26MAR01,002b93ac-a0b9-7c49-f353-ca36619ee2d9,0.0900,2026-02-28 19:58:51.218314+00:00
208.00,2026-02-28T19:58:51.075706Z,0.9100,yes,KXKHAMENEIOUT-AKHA-26MAR01,5599b0df-a025-4aad-5875-057c653d7bb1,0.0900,2026-02-28 19:58:51.075706+00:00
5123.00,2026-02-28T19:58:50.847095Z,0.9100,yes,KXKHAMENEIOUT-AKHA-26MAR01,9f210a7b-8971-5439-a879-514a3b9a74b5,0.0900,2026-02-28 19:58:50.847095+00:00
20.00,2026-02-28T19:58:50.391076Z,0.9100,yes,KXKHAMENEIOUT-AKHA-26MAR01,7eb93bed-7dbd-5f55-a802-7aba95648c15,0.0900,2026-02-28 19:58:50.391076+00:00
31.00,2026-02-28T19:58:50.283934Z,0.9100,yes,KXKHAMENEIOUT-AKHA-26MAR01,084ac5c9-2135-77f9-6c78-2f7c0171cea9,0.0900,2026-02-28 19:58:50.283934+00:00
45.00,2026-02-28T19:58:49.829634Z,0.9200,no,KXKHAMENEIOUT-AKHA-26MAR01,6d77a3eb-0ff6-4954-3a93-172b89cacdc7,0.0800,2026-02-28 19:58:49.829634+00:00
300.00,2026-02-28T19:58:49.829634Z,0.9200,no,KXKHAMENEIOUT-AKHA-26MAR01,1838ed23-b0d0-4b70-3072-3d5234964f7f,0.0800,2026-02-28 19:58:49.829634+00:00
104.00,2026-02-28T19:58:49.81822Z,0.9100,yes,KXKHAMENEIOUT-AKHA-26MAR01,72475bab-7401-7439-23ca-4a406737400d,0.0900,2026-02-28 19:58:49.818220+00:00
155.00,2026-02-28T19:58:49.548589Z,0.9200,no,KXKHAMENEIOUT-AKHA-26MAR01,1582c237-b856-4478-754c-475feee96ad7,0.0800,2026-02-28 19:58:49.548589+00:00
1000.00,2026-02-28T19:58:49.351414Z,0.9100,yes,KXKHAMENEIOUT-AKHA-26MAR01,1d4c61e0-d331-7901-d264-cdc6f9f90145,0.0900,2026-02-28 19:58:49.351414+00:00
104.00,2026-02-28T19:58:49.221138Z,0.9100,yes,KXKHAMENEIOUT-AKHA-26MAR01,40084ac5-fb55-6af5-41e4-4b94d2d80629,0.0900,2026-02-28 19:58:49.221138+00:00
522.00,2026-02-28T19:58:48.69875Z,0.9100,yes,KXKHAMENEIOUT-AKHA-26MAR01,2c621668-acfd-508d-4eb1-2581df1ea81d,0.0900,2026-02-28 19:58:48.698750+00:00
34.00,2026-02-28T19:58:48.06614Z,0.9100,yes,KXKHAMENEIOUT-AKHA-26MAR01,be0105a4-d8a5-6acd-072c-0b4a0a0725b9,0.0900,2026-02-28 19:58:48.066140+00:00
2089.00,2026-02-28T19:58:47.487755Z,0.9100,yes,KXKHAMENEIOUT-AKHA-26MAR01,9cdb6257-1419-6ee5-1c8e-8c966b94ebb5,0.0900,2026-02-28 19:58:47.487755+00:00
104.00,2026-02-28T19:58:47.285726Z,0.9100,yes,KXKHAMENEIOUT-AKHA-26MAR01,ff81caa2-3849-43c1-dd5c-e60fea5e1959,0.0900,2026-02-28 19:58:47.285726+00:00
1048.00,2026-02-28T19:58:47.002362Z,0.9100,yes,KXKHAMENEIOUT-AKHA-26MAR01,47e8dad4-cb55-5bdd-86c5-de8ed708d825,0.0900,2026-02-28 19:58:47.002362+00:00
4178.00,2026-02-28T19:58:46.887156Z,0.9100,yes,KXKHAMENEIOUT-AKHA-26MAR01,7c0941be-5971-5519-4ad5-eac205c5093d,0.0900,2026-02-28 19:58:46.887156+00:00
10.00,2026-02-28T19:58:46.472815Z,0.9100,yes,KXKHAMENEIOUT-AKHA-26MAR01,d860ed0c-3db5-6ee9-751a-a6d0483a3079,0.0900,2026-02-28 19:58:46.472815+00:00
52.00,2026-02-28T19:58:46.234851Z,0.9100,yes,KXKHAMENEIOUT-AKHA-26MAR01,57aea654-1375-7fd1-9c33-8a6960f1b9d1,0.0900,2026-02-28 19:58:46.234851+00:00
522.00,2026-02-28T19:58:45.848262Z,0.9100,yes,KXKHAMENEIOUT-AKHA-26MAR01,014d6bf4-24fd-5015-2158-705c2a9d43d5,0.0900,2026-02-28 19:58:45.848262+00:00
94.00,2026-02-28T19:58:45.802288Z,0.9100,yes,KXKHAMENEIOUT-AKHA-26MAR01,ae756930-fa89-52f5-73f0-7782a81eac35,0.0900,2026-02-28 19:58:45.802288+00:00
22.00,2026-02-28T19:58:45.435461Z,0.9100,yes,KXKHAMENEIOUT-AKHA-26MAR01,96f77c78-6ed1-4479-8416-ee72d40a6661,0.0900,2026-02-28 19:58:45.435461+00:00
522.00,2026-02-28T19:58:44.946312Z,0.9100,yes,KXKHAMENEIOUT-AKHA-26MAR01,874137d2-3fd5-7091-f776-39ece3c439d1,0.0900,2026-02-28 19:58:44.946312+00:00
1044.00,2026-02-28T19:58:44.817359Z,0.9100,yes,KXKHAMENEIOUT-AKHA-26MAR01,3f629849-7709-561d-b686-4e16c224858d,0.0900,2026-02-28 19:58:44.817359+00:00
312.00,2026-02-28T19:58:44.146564Z,0.9200,no,KXKHAMENEIOUT-AKHA-26MAR01,3e7ee61b-43ce-4a7c-39f1-c11e8b6fc067,0.0800,2026-02-28 19:58:44.146564+00:00
52.00,2026-02-28T19:58:43.477364Z,0.9100,yes,KXKHAMENEIOUT-AKHA-26MAR01,537fe274-74b5-48ad-5196-e4b667174811,0.0900,2026-02-28 19:58:43.477364+00:00
125.00,2026-02-28T19:58:43.073792Z,0.9100,yes,KXKHAMENEIOUT-AKHA-26MAR01,980d5709-5a25-75f9-5707-1f133f91bb5d,0.0900,2026-02-28 19:58:43.073792+00:00
313.00,2026-02-28T19:58:42.985442Z,0.9100,yes,KXKHAMENEIOUT-AKHA-26MAR01,d974a323-cfd5-44c9-6bfd-6bcf463d76ad,0.0900,2026-02-28 19:58:42.985442+00:00
33.00,2026-02-28T19:58:42.604574Z,0.9100,yes,KXKHAMENEIOUT-AKHA-26MAR01,da8cc70a-e505-7bb5-a5fc-59fda4868c91,0.0900,2026-02-28 19:58:42.604574+00:00
300.00,2026-02-28T19:58:42.585687Z,0.9200,no,KXKHAMENEIOUT-AKHA-26MAR01,11c624d1-0642-70f4-db93-a43bf0927443,0.0800,2026-02-28 19:58:42.585687+00:00
522.00,2026-02-28T19:58:42.383009Z,0.9100,yes,KXKHAMENEIOUT-AKHA-26MAR01,652a9e77-dc35-46b9-254a-58fa886b5dc9,0.0900,2026-02-28 19:58:42.383009+00:00
10445.00,2026-02-28T19:58:42.123247Z,0.9100,yes,KXKHAMENEIOUT-AKHA-26MAR01,9aa25574-be01-56c1-1ae9-66aa8ac44051,0.0900,2026-02-28 19:58:42.123247+00:00
59.00,2026-02-28T19:58:41.991603Z,0.9100,yes,KXKHAMENEIOUT-AKHA-26MAR01,42b7f750-abd5-690d-095f-c8bab3585fe9,0.0900,2026-02-28 19:58:41.991603+00:00
261.00,2026-02-28T19:58:41.800359Z,0.9100,yes,KXKHAMENEIOUT-AKHA-26MAR01,b2276d78-5091-6c79-e8c8-377dadcbb34d,0.0900,2026-02-28 19:58:41.800359+00:00
188.00,2026-02-28T19:58:41.799075Z,0.9200,no,KXKHAMENEIOUT-AKHA-26MAR01,75463722-a9ee-7838-a02e-7376eca83cdf,0.0800,2026-02-28 19:58:41.799075+00:00
12.00,2026-02-28T19:58:41.799075Z,0.9200,no,KXKHAMENEIOUT-AKHA-26MAR01,3812a986-db06-7f65-a848-ed1a8ac2fcc6,0.0800,2026-02-28 19:58:41.799075+00:00
52.00,2026-02-28T19:58:41.417258Z,0.9100,yes,KXKHAMENEIOUT-AKHA-26MAR01,f3617a5f-98c5-5165-ba64-a5448e20270d,0.0900,2026-02-28 19:58:41.417258+00:00
522.00,2026-02-28T19:58:41.310876Z,0.9100,yes,KXKHAMENEIOUT-AKHA-26MAR01,3681acfb-cec9-4ae5-acff-a81faf526685,0.0900,2026-02-28 19:58:41.310876+00:00
261.00,2026-02-28T19:58:40.473981Z,0.9100,yes,KXKHAMENEIOUT-AKHA-26MAR01,3b2a519c-b501-7321-9b92-0732f87db6e5,0.0900,2026-02-28 19:58:40.473981+00:00
41.00,2026-02-28T19:58:39.500605Z,0.9100,yes,KXKHAMENEIOUT-AKHA-26MAR01,a876ccd3-6439-5399-34e1-51b52c6b2131,0.0900,2026-02-28 19:58:39.500605+00:00
103.00,2026-02-28T19:58:39.488542Z,0.9100,yes,KXKHAMENEIOUT-AKHA-26MAR01,8f0d12c7-0055-727d-940e-b0285401c061,0.0900,2026-02-28 19:58:39.488542+00:00
479.00,2026-02-28T19:58:39.48692Z,0.9100,yes,KXKHAMENEIOUT-AKHA-26MAR01,4ebc3ec8-df64-7307-0351-44f4474bf0f8,0.0900,2026-02-28 19:58:39.486920+00:00
565.00,2026-02-28T19:58:39.48692Z,0.9100,yes,KXKHAMENEIOUT-AKHA-26MAR01,08b478e7-9f5d-7165-1552-b226052f7b99,0.0900,2026-02-28 19:58:39.486920+00:00
261.00,2026-02-28T19:58:38.923173Z,0.9100,yes,KXKHAMENEIOUT-AKHA-26MAR01,21d3c866-7224-4103-475f-3fe451c05014,0.0900,2026-02-28 19:58:38.923173+00:00
2089.00,2026-02-28T19:58:38.814163Z,0.9100,yes,KXKHAMENEIOUT-AKHA-26MAR01,20f32c40-f778-5beb-3674-24e176b021d4,0.0900,2026-02-28 19:58:38.814163+00:00
60.00,2026-02-28T19:58:37.616163Z,0.9100,yes,KXKHAMENEIOUT-AKHA-26MAR01,3a18340d-397c-6d43-3542-d20cc632d454,0.0900,2026-02-28 19:58:37.616163+00:00
4993.00,2026-02-28T19:58:37.434184Z,0.9100,yes,KXKHAMENEIOUT-AKHA-26MAR01,2c623eeb-c440-75cf-300c-ab367677581c,0.0900,2026-02-28 19:58:37.434184+00:00
313.00,2026-02-28T19:58:36.952818Z,0.9100,yes,KXKHAMENEIOUT-AKHA-26MAR01,50b9b96b-824c-5173-c882-685e24292138,0.0900,2026-02-28 19:58:36.952818+00:00
47.00,2026-02-28T19:58:36.582071Z,0.9100,yes,KXKHAMENEIOUT-AKHA-26MAR01,7f3f4b05-a98c-5f7b-43b4-2ba2e0255a78,0.0900,2026-02-28 19:58:36.582071+00:00
313.00,2026-02-28T19:58:36.503466Z,0.9100,yes,KXKHAMENEIOUT-AKHA-26MAR01,28af6f96-fe10-6587-247d-ce32ee4a5570,0.0900,2026-02-28 19:58:36.503466+00:00
177.00,2026-02-28T19:58:35.832808Z,0.9100,yes,KXKHAMENEIOUT-AKHA-26MAR01,218ce0b6-31e0-4ba3-1a30-6f8af0e7323c,0.0900,2026-02-28 19:58:35.832808+00:00
960.00,2026-02-28T19:58:35.257661Z,0.9100,yes,KXKHAMENEIOUT-AKHA-26MAR01,fe9e829e-724c-59ff-6e9f-13ce70da2480,0.0900,2026-02-28 19:58:35.257661+00:00
522.00,2026-02-28T19:58:34.865553Z,0.9100,yes,KXKHAMENEIOUT-AKHA-26MAR01,909b77cf-54f8-6603-0728-6b6b68907f94,0.0900,2026-02-28 19:58:34.865553+00:00
365.00,2026-02-28T19:58:34.713751Z,0.9100,yes,KXKHAMENEIOUT-AKHA-26MAR01,1f885e13-bc10-5c53-d116-6380d53c3bac,0.0900,2026-02-28 19:58:34.713751+00:00
156.00,2026-02-28T19:58:34.273152Z,0.9100,yes,KXKHAMENEIOUT-AKHA-26MAR01,9493f2b2-12f0-5307-0ffd-d54b64551a9c,0.0900,2026-02-28 19:58:34.273152+00:00
1044.00,2026-02-28T19:58:33.87156Z,0.9100,yes,KXKHAMENEIOUT-AKHA-26MAR01,57e6c887-a654-5a8b-d552-c2957db3c15c,0.0900,2026-02-28 19:58:33.871560+00:00
522.00,2026-02-28T19:58:33.671525Z,0.9100,yes,KXKHAMENEIOUT-AKHA-26MAR01,5813a442-228c-7a0f-8d91-76042a399b68,0.0900,2026-02-28 19:58:33.671525+00:00
522.00,2026-02-28T19:58:33.390011Z,0.9100,yes,KXKHAMENEIOUT-AKHA-26MAR01,3d625197-3c68-43ff-ec1c-53327927ebc4,0.0900,2026-02-28 19:58:33.390011+00:00
104.00,2026-02-28T19:58:32.749415Z,0.9100,yes,KXKHAMENEIOUT-AKHA-26MAR01,4ea4f2d0-c2c0-773b-adad-7892340ace20,0.0900,2026-02-28 19:58:32.749415+00:00
167.00,2026-02-28T19:58:31.320794Z,0.9100,yes,KXKHAMENEIOUT-AKHA-26MAR01,a0300cfd-0620-6393-5da7-a9bd5cf7de8c,0.0900,2026-02-28 19:58:31.320794+00:00
528.00,2026-02-28T19:58:31.094639Z,0.9100,yes,KXKHAMENEIOUT-AKHA-26MAR01,c89a3f0c-97f0-59af-9560-5f6d6cb070ec,0.0900,2026-02-28 19:58:31.094639+00:00
10.00,2026-02-28T19:58:30.627766Z,0.9100,yes,KXKHAMENEIOUT-AKHA-26MAR01,577e88b7-30b4-68cb-d3a6-4c1d0a1711f4,0.0900,2026-02-28 19:58:30.627766+00:00
50.00,2026-02-28T19:58:30.399743Z,0.9100,yes,KXKHAMENEIOUT-AKHA-26MAR01,b881170b-b730-7457-4448-20bd84e954dc,0.0900,2026-02-28 19:58:30.399743+00:00
31.00,2026-02-28T19:58:29.977477Z,0.9100,yes,KXKHAMENEIOUT-AKHA-26MAR01,2de9ee86-a6f0-41af-4e2b-3c79cd65212c,0.0900,2026-02-28 19:58:29.977477+00:00
62.00,2026-02-28T19:58:29.949371Z,0.9200,no,KXKHAMENEIOUT-AKHA-26MAR01,279a5792-0b74-7f4a-5ad9-287a6333a280,0.0800,2026-02-28 19:58:29.949371+00:00
522.00,2026-02-28T19:58:29.774876Z,0.9100,yes,KXKHAMENEIOUT-AKHA-26MAR01,fca15f68-5f70-4f7b-84e6-5b39e38f88cc,0.0900,2026-02-28 19:58:29.774876+00:00
31.00,2026-02-28T19:58:29.661453Z,0.9100,yes,KXKHAMENEIOUT-AKHA-26MAR01,1ddc470d-2084-5a7f-1c41-3abc74db5994,0.0900,2026-02-28 19:58:29.661453+00:00
14.00,2026-02-28T19:58:29.454735Z,0.9100,yes,KXKHAMENEIOUT-AKHA-26MAR01,a70de5f5-78ec-75af-6456-2dd427d046f4,0.0900,2026-02-28 19:58:29.454735+00:00
6267.00,2026-02-28T19:58:29.315352Z,0.9100,yes,KXKHAMENEIOUT-AKHA-26MAR01,382b994a-473c-59c3-6577-3365e57f50d8,0.0900,2026-02-28 19:58:29.315352+00:00
522.00,2026-02-28T19:58:28.651418Z,0.9100,yes,KXKHAMENEIOUT-AKHA-26MAR01,8c0e796a-6cd8-5647-9cd7-8439ddaf04a8,0.0900,2026-02-28 19:58:28.651418+00:00
1044.00,2026-02-28T19:58:28.364544Z,0.9100,yes,KXKHAMENEIOUT-AKHA-26MAR01,495022b2-5344-691f-04e5-d969b542f34c,0.0900,2026-02-28 19:58:28.364544+00:00
626.00,2026-02-28T19:58:28.053046Z,0.9100,yes,KXKHAMENEIOUT-AKHA-26MAR01,0146b878-9f3c-584f-dfd5-1cf088d1e344,0.0900,2026-02-28 19:58:28.053046+00:00
200.00,2026-02-28T19:58:27.716222Z,0.9100,yes,KXKHAMENEIOUT-AKHA-26MAR01,109d8812-3168-4ddb-9c73-fbde5aecd100,0.0900,2026-02-28 19:58:27.716222+00:00
1023.00,2026-02-28T19:58:27.283465Z,0.9100,yes,KXKHAMENEIOUT-AKHA-26MAR01,fe7bbf96-120c-588f-820c-e9f001f1a188,0.0900,2026-02-28 19:58:27.283465+00:00
522.00,2026-02-28T19:58:27.113056Z,0.9100,yes,KXKHAMENEIOUT-AKHA-26MAR01,cc2432d0-594c-659f-4fdb-8ebcdee2524c,0.0900,2026-02-28 19:58:27.113056+00:00
104.00,2026-02-28T19:58:27.062132Z,0.9100,yes,KXKHAMENEIOUT-AKHA-26MAR01,aa9dc407-e300-5853-c12f-01a0f1b6fe3c,0.0900,2026-02-28 19:58:27.062132+00:00
1044.00,2026-02-28T19:58:26.625708Z,0.9100,yes,KXKHAMENEIOUT-AKHA-26MAR01,58d3077d-4bd8-643b-346f-1b58cec7802c,0.0900,2026-02-28 19:58:26.625708+00:00
313.00,2026-02-28T19:58:26.231115Z,0.9100,yes,KXKHAMENEIOUT-AKHA-26MAR01,009541d8-cd4c-72df-2a07-d127f88a0b40,0.0900,2026-02-28 19:58:26.231115+00:00
522.00,2026-02-28T19:58:26.110586Z,0.9100,yes,KXKHAMENEIOUT-AKHA-26MAR01,b5ef6c84-7d28-7293-57a7-8cb682fdcdcc,0.0900,2026-02-28 19:58:26.110586+00:00
313.00,2026-02-28T19:58:25.669849Z,0.9100,yes,KXKHAMENEIOUT-AKHA-26MAR01,345971f6-6d4c-5183-ee59-e40df15c03d4,0.0900,2026-02-28 19:58:25.669849+00:00
1044.00,2026-02-28T19:58:25.369601Z,0.9100,yes,KXKHAMENEIOUT-AKHA-26MAR01,166bc4d8-f170-6a93-b41e-4582e43f8994,0.0900,2026-02-28 19:58:25.369601+00:00
522.00,2026-02-28T19:58:24.982641Z,0.9100,yes,KXKHAMENEIOUT-AKHA-26MAR01,44a16928-541c-51b7-3c50-506874411b78,0.0900,2026-02-28 19:58:24.982641+00:00
104.00,2026-02-28T19:58:24.138391Z,0.9100,yes,KXKHAMENEIOUT-AKHA-26MAR01,85e6a0e7-d9f0-55b7-7928-e482f4723f18,0.0900,2026-02-28 19:58:24.138391+00:00
522.00,2026-02-28T19:58:24.077086Z,0.9100,yes,KXKHAMENEIOUT-AKHA-26MAR01,2dbe721c-c2a0-7c27-8751-d04b2e474f88,0.0900,2026-02-28 19:58:24.077086+00:00
313.00,2026-02-28T19:58:24.049501Z,0.9100,yes,KXKHAMENEIOUT-AKHA-26MAR01,b3944fd4-f27c-5497-3b7a-a9f21d1e4528,0.0900,2026-02-28 19:58:24.049501+00:00
522.00,2026-02-28T19:58:23.689225Z,0.9100,yes,KXKHAMENEIOUT-AKHA-26MAR01,9c05f7f7-7a28-4beb-3804-e6e154664254,0.0900,2026-02-28 19:58:23.689225+00:00
10.00,2026-02-28T19:58:23.652177Z,0.9100,yes,KXKHAMENEIOUT-AKHA-26MAR01,35cc36b5-3e08-4e23-826b-5bf625b2e920,0.0900,2026-02-28 19:58:23.652177+00:00
522.00,2026-02-28T19:58:23.051992Z,0.9200,no,KXKHAMENEIOUT-AKHA-26MAR01,620d2195-c4e4-72b2-b0ac-202832e5bee0,0.0800,2026-02-28 19:58:23.051992+00:00
522.00,2026-02-28T19:58:22.621579Z,0.9100,yes,KXKHAMENEIOUT-AKHA-26MAR01,11b06308-ccb0-5eaf-b0ef-199bfd92c14c,0.0900,2026-02-28 19:58:22.621579+00:00
783.00,2026-02-28T19:58:22.449551Z,0.9100,yes,KXKHAMENEIOUT-AKHA-26MAR01,148f3a4b-3618-7637-db2c-899aa413b9b0,0.0900,2026-02-28 19:58:22.449551+00:00
522.00,2026-02-28T19:58:22.199621Z,0.9100,yes,KXKHAMENEIOUT-AKHA-26MAR01,e660d117-d394-7baf-7c81-0a7054821b00,0.0900,2026-02-28 19:58:22.199621+00:00
1044.00,2026-02-28T19:58:21.789523Z,0.9100,yes,KXKHAMENEIOUT-AKHA-26MAR01,c1c8752c-4f10-611b-f6d2-3a7c0460f6a4,0.0900,2026-02-28 19:58:21.789523+00:00
522.00,2026-02-28T19:58:21.71943Z,0.9100,yes,KXKHAMENEIOUT-AKHA-26MAR01,dd0b17d9-8ab0-73d3-f93d-fac879506ec8,0.0900,2026-02-28 19:58:21.719430+00:00
100.00,2026-02-28T19:58:21.625362Z,0.9100,yes,KXKHAMENEIOUT-AKHA-26MAR01,d66ce270-5fec-475b-a024-100b5f1c1b80,0.0900,2026-02-28 19:58:21.625362+00:00
156.00,2026-02-28T19:58:21.01755Z,0.9100,yes,KXKHAMENEIOUT-AKHA-26MAR01,c74c0e3a-db2c-58d7-18a5-e4e3fb738f60,0.0900,2026-02-28 19:58:21.017550+00:00
307.00,2026-02-28T19:58:20.952262Z,0.9100,yes,KXKHAMENEIOUT-AKHA-26MAR01,caa908ac-f320-7343-cd34-753b89f3c0f8,0.0900,2026-02-28 19:58:20.952262+00:00
4.00,2026-02-28T19:58:20.667494Z,0.9100,yes,KXKHAMENEIOUT-AKHA-26MAR01,d3febaaa-ac58-668f-1bc6-f7d98652af80,0.0900,2026-02-28 19:58:20.667494+00:00
522.00,2026-02-28T19:58:20.64451Z,0.9100,yes,KXKHAMENEIOUT-AKHA-26MAR01,25ef5bcd-9e0c-6ac3-ba3a-95416aa45284,0.0900,2026-02-28 19:58:20.644510+00:00
313.00,2026-02-28T19:58:20.59697Z,0.9100,yes,KXKHAMENEIOUT-AKHA-26MAR01,2b199fea-cea0-4ab7-6057-1cf73c0188bc,0.0900,2026-02-28 19:58:20.596970+00:00
200.00,2026-02-28T19:58:20.558576Z,0.9100,yes,KXKHAMENEIOUT-AKHA-26MAR01,afca9465-130c-5707-ba46-8a615ac6b8e8,0.0900,2026-02-28 19:58:20.558576+00:00
1044.00,2026-02-28T19:58:20.533003Z,0.9100,yes,KXKHAMENEIOUT-AKHA-26MAR01,5e509abe-1a50-6b3b-420e-d104cebd7958,0.0900,2026-02-28 19:58:20.533003+00:00
1566.00,2026-02-28T19:58:20.452699Z,0.9100,yes,KXKHAMENEIOUT-AKHA-26MAR01,b4b4ab1a-2024-4477-70c1-322db52e2c40,0.0900,2026-02-28 19:58:20.452699+00:00
104.00,2026-02-28T19:58:20.413861Z,0.9100,yes,KXKHAMENEIOUT-AKHA-26MAR01,4c0c711a-a9c8-4ddf-210c-d77769b58cac,0.0900,2026-02-28 19:58:20.413861+00:00
1754.00,2026-02-28T19:58:20.031464Z,0.9100,yes,KXKHAMENEIOUT-AKHA-26MAR01,c736de9c-2ba0-7abf-90ba-e0e623121a54,0.0900,2026-02-28 19:58:20.031464+00:00
52.00,2026-02-28T19:58:19.622413Z,0.9100,yes,KXKHAMENEIOUT-AKHA-26MAR01,6910e4e3-4b8c-7fab-1c56-41c449a111b0,0.0900,2026-02-28 19:58:19.622413+00:00
500.00,2026-02-28T19:58:19.619038Z,0.9200,no,KXKHAMENEIOUT-AKHA-26MAR01,93deba1d-020c-453a-a9c9-b8d8ae77aa9c,0.0800,2026-02-28 19:58:19.619038+00:00
500.00,2026-02-28T19:58:19.619038Z,0.9200,no,KXKHAMENEIOUT-AKHA-26MAR01,046bfb94-8cac-4ffb-8ddd-5d09e67c8560,0.0800,2026-02-28 19:58:19.619038+00:00
1002.00,2026-02-28T19:58:19.437193Z,0.9100,yes,KXKHAMENEIOUT-AKHA-26MAR01,b269e604-56c4-61e7-68b7-d6f099732a00,0.0900,2026-02-28 19:58:19.437193+00:00
104.00,2026-02-28T19:58:19.31109Z,0.9100,yes,KXKHAMENEIOUT-AKHA-26MAR01,cf3c7dc7-492c-49ff-daf0-7b6e2da40df8,0.0900,2026-02-28 19:58:19.311090+00:00
1044.00,2026-02-28T19:58:19.277325Z,0.9100,yes,KXKHAMENEIOUT-AKHA-26MAR01,706d5610-e7ac-53d3-d9f2-10cf657bed24,0.0900,2026-02-28 19:58:19.277325+00:00
261.00,2026-02-28T19:58:18.975688Z,0.9100,yes,KXKHAMENEIOUT-AKHA-26MAR01,c1010077-407c-7437-3fc9-f2df3df03760,0.0900,2026-02-28 19:58:18.975688+00:00
208.00,2026-02-28T19:58:18.928152Z,0.9100,yes,KXKHAMENEIOUT-AKHA-26MAR01,01cf976d-3a38-53c7-efb8-41591382a030,0.0900,2026-02-28 19:58:18.928152+00:00
6267.00,2026-02-28T19:58:18.576024Z,0.9100,yes,KXKHAMENEIOUT-AKHA-26MAR01,a36f1cad-99b0-6ee3-ac02-3ebb450eefc0,0.0900,2026-02-28 19:58:18.576024+00:00
104.00,2026-02-28T19:58:18.507544Z,0.9100,yes,KXKHAMENEIOUT-AKHA-26MAR01,2e5e0ddd-9660-5d8b-1b08-80c73a608320,0.0900,2026-02-28 19:58:18.507544+00:00
208.00,2026-02-28T19:58:18.197126Z,0.9100,yes,KXKHAMENEIOUT-AKHA-26MAR01,0513fb6a-71f4-774b-8366-2e674f0e43c8,0.0900,2026-02-28 19:58:18.197126+00:00
500.00,2026-02-28T19:58:18.186447Z,0.9100,yes,KXKHAMENEIOUT-AKHA-26MAR01,cccfe46c-99d8-64e7-530b-3e429d416b0c,0.0900,2026-02-28 19:58:18.186447+00:00
45.00,2026-02-28T19:58:17.112271Z,0.9100,yes,KXKHAMENEIOUT-AKHA-26MAR01,4f4c30e3-3d7c-4217-0b77-8bdff621e64c,0.0900,2026-02-28 19:58:17.112271+00:00
208.00,2026-02-28T19:58:17.101621Z,0.9100,yes,KXKHAMENEIOUT-AKHA-26MAR01,f6145285-2454-4f9f-6e74-f1515843b0f8,0.0900,2026-02-28 19:58:17.101621+00:00
104.00,2026-02-28T19:58:17.039634Z,0.9100,yes,KXKHAMENEIOUT-AKHA-26MAR01,2736cda1-015c-4467-688c-22679a6b3e14,0.0900,2026-02-28 19:58:17.039634+00:00
431.00,2026-02-28T19:58:16.960839Z,0.9100,yes,KXKHAMENEIOUT-AKHA-26MAR01,ba3eb3b3-3791-5c42-0b5d-60ee0c34f111,0.0900,2026-02-28 19:58:16.960839+00:00
613.00,2026-02-28T19:58:16.960839Z,0.9100,yes,KXKHAMENEIOUT-AKHA-26MAR01,4018b9b7-eae4-5bcb-3989-1b21dcbd6300,0.0900,2026-02-28 19:58:16.960839+00:00
475.00,2026-02-28T19:58:16.034203Z,0.9100,yes,KXKHAMENEIOUT-AKHA-26MAR01,ef26e115-adb4-7abb-6e8e-d36f8b686570,0.0900,2026-02-28 19:58:16.034203+00:00
569.00,2026-02-28T19:58:16.034203Z,0.9100,yes,KXKHAMENEIOUT-AKHA-26MAR01,552b1ff9-78a9-7246-5f78-2be70d9a679d,0.0900,2026-02-28 19:58:16.034203+00:00
1044.00,2026-02-28T19:58:15.825913Z,0.9100,yes,KXKHAMENEIOUT-AKHA-26MAR01,be98668d-7710-75e7-b7f4-91fbbe358f60,0.0900,2026-02-28 19:58:15.825913+00:00
104.00,2026-02-28T19:58:15.785292Z,0.9100,yes,KXKHAMENEIOUT-AKHA-26MAR01,183639d6-14ec-6ed3-6476-1cf95ea7a800,0.0900,2026-02-28 19:58:15.785292+00:00
31.00,2026-02-28T19:58:15.750903Z,0.9100,yes,KXKHAMENEIOUT-AKHA-26MAR01,8b5efcb3-9f60-5b27-94c6-1dd0d732db60,0.0900,2026-02-28 19:58:15.750903+00:00
52.00,2026-02-28T19:58:15.70364Z,0.9100,yes,KXKHAMENEIOUT-AKHA-26MAR01,c69ccc7a-e728-6ad3-6779-4249d1ae7c0c,0.0900,2026-02-28 19:58:15.703640+00:00
2.00,2026-02-28T19:58:15.697269Z,0.9100,yes,KXKHAMENEIOUT-AKHA-26MAR01,d0e1bad9-ae64-4f63-dfa8-e1374bac6d04,0.0900,2026-02-28 19:58:15.697269+00:00
3133.00,2026-02-28T19:58:15.50909Z,0.9100,yes,KXKHAMENEIOUT-AKHA-26MAR01,73c89038-b670-4947-6487-9745ff2e5b78,0.0900,2026-02-28 19:58:15.509090+00:00
1044.00,2026-02-28T19:58:15.369011Z,0.9100,yes,KXKHAMENEIOUT-AKHA-26MAR01,be954660-7010-7703-d767-51da6a5e1384,0.0900,2026-02-28 19:58:15.369011+00:00
1044.00,2026-02-28T19:58:14.56701Z,0.9100,yes,KXKHAMENEIOUT-AKHA-26MAR01,a7d69801-9950-494b-847b-bbbde5b158d8,0.0900,2026-02-28 19:58:14.567010+00:00
687.00,2026-02-28T19:58:14.298867Z,0.9100,yes,KXKHAMENEIOUT-AKHA-26MAR01,584d2bd0-cfb8-65ab-909d-b1dd0284fd48,0.0900,2026-02-28 19:58:14.298867+00:00
20.00,2026-02-28T19:58:14.259853Z,0.9100,yes,KXKHAMENEIOUT-AKHA-26MAR01,d821d679-7134-6633-b078-a400afabef38,0.0900,2026-02-28 19:58:14.259853+00:00
4700.00,2026-02-28T19:58:14.118316Z,0.9100,yes,KXKHAMENEIOUT-AKHA-26MAR01,7036efcf-ad88-433f-0819-85c5f2ed829c,0.0900,2026-02-28 19:58:14.118316+00:00
1044.00,2026-02-28T19:58:13.850165Z,0.9100,yes,KXKHAMENEIOUT-AKHA-26MAR01,5e6969b5-8d20-7eff-3f8a-bacdcc96876c,0.0900,2026-02-28 19:58:13.850165+00:00
2611.00,2026-02-28T19:58:13.744983Z,0.9100,yes,KXKHAMENEIOUT-AKHA-26MAR01,c8e52920-b5d4-792f-9ef9-4a71bc5e26e8,0.0900,2026-02-28 19:58:13.744983+00:00
104.00,2026-02-28T19:58:13.538254Z,0.9100,yes,KXKHAMENEIOUT-AKHA-26MAR01,f87a3a43-71a0-45cb-d1a1-1baa39fde554,0.0900,2026-02-28 19:58:13.538254+00:00
261.00,2026-02-28T19:58:13.167992Z,0.9100,yes,KXKHAMENEIOUT-AKHA-26MAR01,16571e75-0d9c-4f33-3e08-896d8b470228,0.0900,2026-02-28 19:58:13.167992+00:00
52.00,2026-02-28T19:58:13.077386Z,0.9100,yes,KXKHAMENEIOUT-AKHA-26MAR01,67961ed2-bc1c-5607-0937-045afd03f73c,0.0900,2026-02-28 19:58:13.077386+00:00
104.00,2026-02-28T19:58:12.756315Z,0.9100,yes,KXKHAMENEIOUT-AKHA-26MAR01,43de86a3-291c-4c87-ed91-b4768095962c,0.0900,2026-02-28 19:58:12.756315+00:00
2089.00,2026-02-28T19:58:12.655403Z,0.9100,yes,KXKHAMENEIOUT-AKHA-26MAR01,0990fb06-90a4-629f-ed7a-589a6f548284,0.0900,2026-02-28 19:58:12.655403+00:00
1044.00,2026-02-28T19:58:12.501506Z,0.9100,yes,KXKHAMENEIOUT-AKHA-26MAR01,924cdc37-e080-691f-f323-335662d48e5c,0.0900,2026-02-28 19:58:12.501506+00:00
1044.00,2026-02-28T19:58:12.424813Z,0.9100,yes,KXKHAMENEIOUT-AKHA-26MAR01,6277d279-f098-65af-49cd-b5438629d428,0.0900,2026-02-28 19:58:12.424813+00:00
208.00,2026-02-28T19:58:12.193699Z,0.9100,yes,KXKHAMENEIOUT-AKHA-26MAR01,ee22da6d-ba1c-7ecf-3227-803a0d72b03c,0.0900,2026-02-28 19:58:12.193699+00:00
31.00,2026-02-28T19:58:12.173649Z,0.9100,yes,KXKHAMENEIOUT-AKHA-26MAR01,1103f267-74c0-6faf-4e98-01fa62ac6a3c,0.0900,2026-02-28 19:58:12.173649+00:00
104.00,2026-02-28T19:58:12.167082Z,0.9100,yes,KXKHAMENEIOUT-AKHA-26MAR01,88a94d9e-42f4-5813-6787-f09a265f67d0,0.0900,2026-02-28 19:58:12.167082+00:00
4178.00,2026-02-28T19:58:11.900439Z,0.9100,yes,KXKHAMENEIOUT-AKHA-26MAR01,5fff2c5e-c6e0-5793-0d49-015206d15bf4,0.0900,2026-02-28 19:58:11.900439+00:00
417.00,2026-02-28T19:58:11.854719Z,0.9100,yes,KXKHAMENEIOUT-AKHA-26MAR01,d856a472-194c-6daf-5cba-8b8bf2a73830,0.0900,2026-02-28 19:58:11.854719+00:00
3868.00,2026-02-28T19:58:11.487744Z,0.9200,no,KXKHAMENEIOUT-AKHA-26MAR01,4193ebb3-54e2-4d53-51fb-3da74e13e55f,0.0800,2026-02-28 19:58:11.487744+00:00
454.00,2026-02-28T19:58:11.389955Z,0.9100,yes,KXKHAMENEIOUT-AKHA-26MAR01,bf50c368-00ac-7603-eca4-58bd40e3ab84,0.0900,2026-02-28 19:58:11.389955+00:00
2000.00,2026-02-28T19:58:11.350281Z,0.9100,yes,KXKHAMENEIOUT-AKHA-26MAR01,f15d790e-4576-43bb-b199-a72858c39d6d,0.0900,2026-02-28 19:58:11.350281+00:00
3919.00,2026-02-28T19:58:11.350281Z,0.9100,yes,KXKHAMENEIOUT-AKHA-26MAR01,ddaf731e-bbc8-484f-8992-2ef0fbad9fc8,0.0900,2026-02-28 19:58:11.350281+00:00
2976.00,2026-02-28T19:58:11.350281Z,0.9100,yes,KXKHAMENEIOUT-AKHA-26MAR01,bd71fc30-f9e3-4e63-b897-7e017ae56951,0.0900,2026-02-28 19:58:11.350281+00:00
550.00,2026-02-28T19:58:11.350281Z,0.9100,yes,KXKHAMENEIOUT-AKHA-26MAR01,7c0f6a8a-4d51-4ddb-9311-8abfbdacd015,0.0900,2026-02-28 19:58:11.350281+00:00
1000.00,2026-02-28T19:58:11.350281Z,0.9100,yes,KXKHAMENEIOUT-AKHA-26MAR01,662fe1d7-c718-42e3-97cc-17f27f6b7bfd,0.0900,2026-02-28 19:58:11.350281+00:00
522.00,2026-02-28T19:58:11.185643Z,0.9100,yes,KXKHAMENEIOUT-AKHA-26MAR01,1c20d093-3457-6dbf-cd6c-2f011ae94215,0.0900,2026-02-28 19:58:11.185643+00:00
10.00,2026-02-28T19:58:11.084288Z,0.9100,yes,KXKHAMENEIOUT-AKHA-26MAR01,a09051eb-ce67-473f-4c8f-179c13a7ad69,0.0900,2026-02-28 19:58:11.084288+00:00
417.00,2026-02-28T19:58:10.948479Z,0.9100,yes,KXKHAMENEIOUT-AKHA-26MAR01,2fa190dc-1403-4167-a5d7-57a27add32a9,0.0900,2026-02-28 19:58:10.948479+00:00
104.00,2026-02-28T19:58:10.945212Z,0.9100,yes,KXKHAMENEIOUT-AKHA-26MAR01,89d2f00e-73b3-61db-bc59-e13b6f3fd2fd,0.0900,2026-02-28 19:58:10.945212+00:00
10445.00,2026-02-28T19:58:10.916229Z,0.9100,yes,KXKHAMENEIOUT-AKHA-26MAR01,6e4eb472-fd0f-64cb-3bc9-fe0d76bf7119,0.0900,2026-02-28 19:58:10.916229+00:00
104.00,2026-02-28T19:58:10.757421Z,0.9100,yes,KXKHAMENEIOUT-AKHA-26MAR01,af9f7563-27d7-4277-90d5-8ae387536625,0.0900,2026-02-28 19:58:10.757421+00:00
522.00,2026-02-28T19:58:10.526719Z,0.9100,yes,KXKHAMENEIOUT-AKHA-26MAR01,a6cf2d26-2f5f-7e5f-d5d8-3dba3206b6a1,0.0900,2026-02-28 19:58:10.526719+00:00
334.00,2026-02-28T19:58:09.987361Z,0.9100,yes,KXKHAMENEIOUT-AKHA-26MAR01,b9ee026e-7977-5397-be88-6162c9577d35,0.0900,2026-02-28 19:58:09.987361+00:00
626.00,2026-02-28T19:58:09.692532Z,0.9100,yes,KXKHAMENEIOUT-AKHA-26MAR01,82bcb0d0-3097-7747-ca43-b04cbb4e5fed,0.0900,2026-02-28 19:58:09.692532+00:00
2611.00,2026-02-28T19:58:09.501574Z,0.9100,yes,KXKHAMENEIOUT-AKHA-26MAR01,7601e94c-307b-7dc3-32a1-2b152f65b121,0.0900,2026-02-28 19:58:09.501574+00:00
208.00,2026-02-28T19:58:09.275436Z,0.9100,yes,KXKHAMENEIOUT-AKHA-26MAR01,7decc1e5-ab73-4e13-de07-4a65e3c3932d,0.0900,2026-02-28 19:58:09.275436+00:00
10.00,2026-02-28T19:58:08.884315Z,0.9100,yes,KXKHAMENEIOUT-AKHA-26MAR01,f72365e2-1c0f-429b-1491-f1e2583bd099,0.0900,2026-02-28 19:58:08.884315+00:00
31.00,2026-02-28T19:58:08.677438Z,0.9100,yes,KXKHAMENEIOUT-AKHA-26MAR01,96896414-3fc3-4d5b-ce37-c649f6abdcc5,0.0900,2026-02-28 19:58:08.677438+00:00
10247.00,2026-02-28T19:58:08.248328Z,0.9100,yes,KXKHAMENEIOUT-AKHA-26MAR01,f70679d7-eb1f-7b97-bf39-c993536656b9,0.0900,2026-02-28 19:58:08.248328+00:00
1000.00,2026-02-28T19:58:07.847071Z,0.9100,yes,KXKHAMENEIOUT-AKHA-26MAR01,9ced347e-59d3-7a0b-8054-9bdbd91dc309,0.0900,2026-02-28 19:58:07.847071+00:00
2078.00,2026-02-28T19:58:07.329815Z,0.9100,yes,KXKHAMENEIOUT-AKHA-26MAR01,9dd7462f-9b3f-51bb-c7d5-bc234919a62d,0.0900,2026-02-28 19:58:07.329815+00:00
522.00,2026-02-28T19:58:07.300964Z,0.9100,yes,KXKHAMENEIOUT-AKHA-26MAR01,bab0d068-f17b-427f-779c-63accc7a9a59,0.0900,2026-02-28 19:58:07.300964+00:00
52.00,2026-02-28T19:58:07.026799Z,0.9100,yes,KXKHAMENEIOUT-AKHA-26MAR01,42e73472-137b-66bb-a691-cd0505e4503d,0.0900,2026-02-28 19:58:07.026799+00:00
156.00,2026-02-28T19:58:06.950708Z,0.9100,yes,KXKHAMENEIOUT-AKHA-26MAR01,78ce5490-3857-62cf-b176-5b27fcc7abb1,0.0900,2026-02-28 19:58:06.950708+00:00
156.00,2026-02-28T19:58:06.408967Z,0.9100,yes,KXKHAMENEIOUT-AKHA-26MAR01,a286f98d-9fef-714f-f1ca-9b7bc10469f9,0.0900,2026-02-28 19:58:06.408967+00:00
97.00,2026-02-28T19:58:06.34403Z,0.9100,yes,KXKHAMENEIOUT-AKHA-26MAR01,c9826e01-7453-5e2f-a720-229c19abdcb5,0.0900,2026-02-28 19:58:06.344030+00:00
995.00,2026-02-28T19:58:06.210314Z,0.9100,yes,KXKHAMENEIOUT-AKHA-26MAR01,6713811c-8443-631b-d23f-062c7f40eb45,0.0900,2026-02-28 19:58:06.210314+00:00
20.00,2026-02-28T19:58:05.311099Z,0.9100,yes,KXKHAMENEIOUT-AKHA-26MAR01,cd02bf71-9da3-73fb-8a5e-acccc3c1554d,0.0900,2026-02-28 19:58:05.311099+00:00
522.00,2026-02-28T19:58:05.306212Z,0.9100,yes,KXKHAMENEIOUT-AKHA-26MAR01,5b427e4e-ddc3-5b5b-e249-329ff879ac95,0.0900,2026-02-28 19:58:05.306212+00:00
10.00,2026-02-28T19:58:04.965027Z,0.9100,yes,KXKHAMENEIOUT-AKHA-26MAR01,0ae4e63f-8bef-729b-0570-ad70f9404165,0.0900,2026-02-28 19:58:04.965027+00:00
10.00,2026-02-28T19:58:04.938678Z,0.9100,yes,KXKHAMENEIOUT-AKHA-26MAR01,1be1a2b7-873f-560f-a9be-57f7bbdd09b5,0.0900,2026-02-28 19:58:04.938678+00:00
208.00,2026-02-28T19:58:04.71639Z,0.9100,yes,KXKHAMENEIOUT-AKHA-26MAR01,0113a71a-42f7-7c87-376e-563e68b1a2fd,0.0900,2026-02-28 19:58:04.716390+00:00
208.00,2026-02-28T19:58:04.335073Z,0.9100,yes,KXKHAMENEIOUT-AKHA-26MAR01,21adb676-c1f7-5333-9060-37510bb50125,0.0900,2026-02-28 19:58:04.335073+00:00
400.00,2026-02-28T19:58:03.719387Z,0.9100,yes,KXKHAMENEIOUT-AKHA-26MAR01,6181e20f-91db-6d27-a32e-c9669f061af1,0.0900,2026-02-28 19:58:03.719387+00:00
10.00,2026-02-28T19:58:03.677173Z,0.9200,no,KXKHAMENEIOUT-AKHA-26MAR01,92a7cffa-4a9e-7357-c47c-0ce37c438a3f,0.0800,2026-02-28 19:58:03.677173+00:00
522.00,2026-02-28T19:58:03.355608Z,0.9100,yes,KXKHAMENEIOUT-AKHA-26MAR01,caa67f6a-cdf7-570f-08bc-042789b12701,0.0900,2026-02-28 19:58:03.355608+00:00
1566.00,2026-02-28T19:58:03.352537Z,0.9100,yes,KXKHAMENEIOUT-AKHA-26MAR01,5cd4c729-97ff-5f2f-052a-fc65c69d0a59,0.0900,2026-02-28 19:58:03.352537+00:00
2611.00,2026-02-28T19:58:03.349389Z,0.9100,yes,KXKHAMENEIOUT-AKHA-26MAR01,76ddb3cb-387b-663f-d3b7-3888b62c3e71,0.0900,2026-02-28 19:58:03.349389+00:00
1880.00,2026-02-28T19:58:03.015433Z,0.9100,yes,KXKHAMENEIOUT-AKHA-26MAR01,3dbdbc5f-e27b-5c3f-4f4c-dbbd7a026afd,0.0900,2026-02-28 19:58:03.015433+00:00
1044.00,2026-02-28T19:58:02.96271Z,0.9100,yes,KXKHAMENEIOUT-AKHA-26MAR01,ba7c62d6-655f-52bb-21e3-03698498a255,0.0900,2026-02-28 19:58:02.962710+00:00
52.00,2026-02-28T19:58:02.743155Z,0.9100,yes,KXKHAMENEIOUT-AKHA-26MAR01,b69d503e-b89f-6daf-cba8-c074f03b32d9,0.0900,2026-02-28 19:58:02.743155+00:00
934.00,2026-02-28T19:58:02.699268Z,0.9100,yes,KXKHAMENEIOUT-AKHA-26MAR01,e0f58776-03af-78eb-0ccc-b1260cc72ff1,0.0900,2026-02-28 19:58:02.699268+00:00
292.00,2026-02-28T19:58:02.523559Z,0.9100,yes,KXKHAMENEIOUT-AKHA-26MAR01,0e955703-805f-43ff-6b2d-50bc705d44d5,0.0900,2026-02-28 19:58:02.523559+00:00
52.00,2026-02-28T19:58:02.058107Z,0.9100,yes,KXKHAMENEIOUT-AKHA-26MAR01,d541a5a8-4b47-4073-3f18-630ff79cef61,0.0900,2026-02-28 19:58:02.058107+00:00
33.00,2026-02-28T19:58:01.803099Z,0.9100,yes,KXKHAMENEIOUT-AKHA-26MAR01,d2091afc-b13b-47af-a5fe-8d357039a2a5,0.0900,2026-02-28 19:58:01.803099+00:00
12.00,2026-02-28T19:58:01.782505Z,0.9100,yes,KXKHAMENEIOUT-AKHA-26MAR01,84df816e-5727-7b33-bf4c-fb8b0241f8b5,0.0900,2026-02-28 19:58:01.782505+00:00
5.00,2026-02-28T19:58:01.678538Z,0.9100,yes,KXKHAMENEIOUT-AKHA-26MAR01,7ec416a1-b2ff-420f-e27e-49eb282e4bcd,0.0900,2026-02-28 19:58:01.678538+00:00
9.00,2026-02-28T19:58:00.817626Z,0.9100,yes,KXKHAMENEIOUT-AKHA-26MAR01,d6586fcf-9a63-7fa3-bc64-d1cc075614e9,0.0900,2026-02-28 19:58:00.817626+00:00
169.00,2026-02-28T19:58:00.770717Z,0.9100,yes,KXKHAMENEIOUT-AKHA-26MAR01,311e2346-3337-490b-9da4-b476e255e6a1,0.0900,2026-02-28 19:58:00.770717+00:00
564.00,2026-02-28T19:58:00.555433Z,0.9100,yes,KXKHAMENEIOUT-AKHA-26MAR01,a11fd944-acf3-5c9f-397a-83dff59d440d,0.0900,2026-02-28 19:58:00.555433+00:00
9407.00,2026-02-28T19:58:00.215679Z,0.9000,yes,KXKHAMENEIOUT-AKHA-26MAR01,cd1ebb1b-cfea-73eb-ca2f-bf9deedbe3e5,0.1000,2026-02-28 19:58:00.215679+00:00
940.00,2026-02-28T19:58:00.174746Z,0.9000,yes,KXKHAMENEIOUT-AKHA-26MAR01,f9f51e4f-47ee-73f3-05b2-6ed06e1d40bd,0.1000,2026-02-28 19:58:00.174746+00:00
1881.00,2026-02-28T19:57:59.945053Z,0.9000,yes,KXKHAMENEIOUT-AKHA-26MAR01,7dd9aaea-6d82-5147-35d7-c964b61c1cdd,0.1000,2026-02-28 19:57:59.945053+00:00
188.00,2026-02-28T19:57:59.75759Z,0.9000,yes,KXKHAMENEIOUT-AKHA-26MAR01,ca1ffd2c-2472-4a1f-095f-071e4bf03df1,0.1000,2026-02-28 19:57:59.757590+00:00
348.00,2026-02-28T19:57:59.656786Z,0.9000,yes,KXKHAMENEIOUT-AKHA-26MAR01,bfedcbaa-c03a-59d3-dbf8-079d6d0c1641,0.1000,2026-02-28 19:57:59.656786+00:00
940.00,2026-02-28T19:57:58.862522Z,0.9000,yes,KXKHAMENEIOUT-AKHA-26MAR01,15fcadd8-03e2-6227-c735-f2a62d743ded,0.1000,2026-02-28 19:57:58.862522+00:00
100.00,2026-02-28T19:57:58.812981Z,0.9000,yes,KXKHAMENEIOUT-AKHA-26MAR01,23d9d574-2c8a-66fb-7f23-46b111094971,0.1000,2026-02-28 19:57:58.812981+00:00
188.00,2026-02-28T19:57:58.719078Z,0.9000,yes,KXKHAMENEIOUT-AKHA-26MAR01,8add9b21-efda-43c7-5240-64bde4ea46fd,0.1000,2026-02-28 19:57:58.719078+00:00
18.00,2026-02-28T19:57:58.605318Z,0.9000,yes,KXKHAMENEIOUT-AKHA-26MAR01,4c4bea3b-7bf2-562f-9224-05beb92fd5d9,0.1000,2026-02-28 19:57:58.605318+00:00
47.00,2026-02-28T19:57:58.00734Z,0.9000,yes,KXKHAMENEIOUT-AKHA-26MAR01,43c21c1f-89c6-543f-7ebf-25ce1b23d6dd,0.1000,2026-02-28 19:57:58.007340+00:00
50.00,2026-02-28T19:57:56.999843Z,0.9000,yes,KXKHAMENEIOUT-AKHA-26MAR01,84ecf71e-907e-7297-ee5c-2c44ff649ce1,0.1000,2026-02-28 19:57:56.999843+00:00
423.00,2026-02-28T19:57:56.676375Z,0.9000,yes,KXKHAMENEIOUT-AKHA-26MAR01,9b05d76c-7e2e-62bf-08a2-e3ca59993179,0.1000,2026-02-28 19:57:56.676375+00:00
77.00,2026-02-28T19:57:56.676375Z,0.9100,yes,KXKHAMENEIOUT-AKHA-26MAR01,85b9bf7e-12e7-6758-2cea-a9e5c715e070,0.0900,2026-02-28 19:57:56.676375+00:00
235.00,2026-02-28T19:57:55.652129Z,0.9100,yes,KXKHAMENEIOUT-AKHA-26MAR01,a8195c4e-715f-7768-4f69-3855ef44fdb4,0.0900,2026-02-28 19:57:55.652129+00:00
188.00,2026-02-28T19:57:55.600636Z,0.9100,yes,KXKHAMENEIOUT-AKHA-26MAR01,3d879443-551b-7830-48b1-c76f866d26e8,0.0900,2026-02-28 19:57:55.600636+00:00
940.00,2026-02-28T19:57:55.071922Z,0.9000,yes,KXKHAMENEIOUT-AKHA-26MAR01,774e48eb-8816-7b43-2409-32b69973098d,0.1000,2026-02-28 19:57:55.071922+00:00
68.00,2026-02-28T19:57:54.193538Z,0.9000,yes,KXKHAMENEIOUT-AKHA-26MAR01,6dd70f32-391a-53a7-e2b0-a0e066a1f621,0.1000,2026-02-28 19:57:54.193538+00:00
47.00,2026-02-28T19:57:53.570291Z,0.9000,yes,KXKHAMENEIOUT-AKHA-26MAR01,5690f55e-219a-5593-bba6-de22f9715845,0.1000,2026-02-28 19:57:53.570291+00:00
14.00,2026-02-28T19:57:52.416245Z,0.9200,no,KXKHAMENEIOUT-AKHA-26MAR01,f884dfca-f279-54cf-87ac-4058e8a861cb,0.0800,2026-02-28 19:57:52.416245+00:00
267.00,2026-02-28T19:57:52.416245Z,0.9200,no,KXKHAMENEIOUT-AKHA-26MAR01,3b6f2d5d-8e32-52d7-858e-613f4249cd63,0.0800,2026-02-28 19:57:52.416245+00:00
405.00,2026-02-28T19:57:52.084065Z,0.9100,yes,KXKHAMENEIOUT-AKHA-26MAR01,d7cf06e2-e969-5c54-deca-485c93af46b8,0.0900,2026-02-28 19:57:52.084065+00:00
3895.00,2026-02-28T19:57:52.084065Z,0.9000,yes,KXKHAMENEIOUT-AKHA-26MAR01,5e5618d7-9762-5ee7-f2a5-62aa7b94b891,0.1000,2026-02-28 19:57:52.084065+00:00
95.00,2026-02-28T19:57:52.022985Z,0.9100,yes,KXKHAMENEIOUT-AKHA-26MAR01,549715d5-2dc1-6b6c-0790-2fbafe7bccf8,0.0900,2026-02-28 19:57:52.022985+00:00
9.00,2026-02-28T19:57:52.022985Z,0.9100,yes,KXKHAMENEIOUT-AKHA-26MAR01,027aaebe-662e-6a11-131f-3c34a1761e1c,0.0900,2026-02-28 19:57:52.022985+00:00
104.00,2026-02-28T19:57:51.63291Z,0.9100,yes,KXKHAMENEIOUT-AKHA-26MAR01,cd848df1-ddea-4c45-6ed2-7714b2de9cc0,0.0900,2026-02-28 19:57:51.632910+00:00
200.00,2026-02-28T19:57:51.632616Z,0.9100,yes,KXKHAMENEIOUT-AKHA-26MAR01,01f3acc1-51ba-6941-298c-3ac4569c9dd8,0.0900,2026-02-28 19:57:51.632616+00:00
18.00,2026-02-28T19:57:51.57537Z,0.9100,yes,KXKHAMENEIOUT-AKHA-26MAR01,b4a46504-847e-5f1d-418a-9b4dc7c3072c,0.0900,2026-02-28 19:57:51.575370+00:00
52.00,2026-02-28T19:57:51.1152Z,0.9100,yes,KXKHAMENEIOUT-AKHA-26MAR01,7f75b20b-8306-4505-8b09-0970d7176944,0.0900,2026-02-28 19:57:51.115200+00:00
1138.00,2026-02-28T19:57:50.653383Z,0.9100,yes,KXKHAMENEIOUT-AKHA-26MAR01,40afa795-24fe-416d-fb9c-85968d479f10,0.0900,2026-02-28 19:57:50.653383+00:00
30.00,2026-02-28T19:57:50.61258Z,0.9100,yes,KXKHAMENEIOUT-AKHA-26MAR01,62d8a862-7022-65c5-6a59-e5db39a87818,0.0900,2026-02-28 19:57:50.612580+00:00
5.00,2026-02-28T19:57:50.393791Z,0.9100,yes,KXKHAMENEIOUT-AKHA-26MAR01,c6d535a9-7097-7e79-ad2f-4a4f515f0207,0.0900,2026-02-28 19:57:50.393791+00:00
449.00,2026-02-28T19:57:50.393791Z,0.9100,yes,KXKHAMENEIOUT-AKHA-26MAR01,9950d64d-ac4e-7031-8c68-97911e7aab14,0.0900,2026-02-28 19:57:50.393791+00:00
12.00,2026-02-28T19:57:49.6494Z,0.9100,yes,KXKHAMENEIOUT-AKHA-26MAR01,7ec7831c-35b3-5ee5-93fa-22a4afce59ef,0.0900,2026-02-28 19:57:49.649400+00:00
261.00,2026-02-28T19:57:48.907014Z,0.9100,yes,KXKHAMENEIOUT-AKHA-26MAR01,e38ced04-f4eb-5695-3fbd-f8937034b5f3,0.0900,2026-02-28 19:57:48.907014+00:00
73.00,2026-02-28T19:57:48.623815Z,0.9100,yes,KXKHAMENEIOUT-AKHA-26MAR01,3d778412-e05f-5081-ea38-1585f501381f,0.0900,2026-02-28 19:57:48.623815+00:00
1000.00,2026-02-28T19:57:48.377846Z,0.9100,yes,KXKHAMENEIOUT-AKHA-26MAR01,d23dd54b-c74b-6f3d-0e61-81993250e643,0.0900,2026-02-28 19:57:48.377846+00:00
1044.00,2026-02-28T19:57:48.259983Z,0.9100,yes,KXKHAMENEIOUT-AKHA-26MAR01,00704786-20c3-7cd5-86cc-67855372e8db,0.0900,2026-02-28 19:57:48.259983+00:00
208.00,2026-02-28T19:57:47.77542Z,0.9100,yes,KXKHAMENEIOUT-AKHA-26MAR01,83f6459a-6ef3-6ac9-c832-66cd54b36fcf,0.0900,2026-02-28 19:57:47.775420+00:00
261.00,2026-02-28T19:57:47.773169Z,0.9100,yes,KXKHAMENEIOUT-AKHA-26MAR01,7256e435-b55b-6fb1-2093-3e2bda23bf2f,0.0900,2026-02-28 19:57:47.773169+00:00
62.00,2026-02-28T19:57:47.653102Z,0.9100,yes,KXKHAMENEIOUT-AKHA-26MAR01,0e8ae843-387b-65d5-414b-e1e9f9e722c7,0.0900,2026-02-28 19:57:47.653102+00:00
103.00,2026-02-28T19:57:46.850665Z,0.9100,yes,KXKHAMENEIOUT-AKHA-26MAR01,7c15915f-6683-66a1-8294-a02c0925d43f,0.0900,2026-02-28 19:57:46.850665+00:00
696.00,2026-02-28T19:57:46.731387Z,0.9100,yes,KXKHAMENEIOUT-AKHA-26MAR01,18563084-82a3-45d1-3201-e4d8f7c4ab63,0.0900,2026-02-28 19:57:46.731387+00:00
47.00,2026-02-28T19:57:46.729381Z,0.9100,yes,KXKHAMENEIOUT-AKHA-26MAR01,748ef567-e757-5d8d-8124-5f4a1143d837,0.0900,2026-02-28 19:57:46.729381+00:00
141.00,2026-02-28T19:57:46.517364Z,0.9100,yes,KXKHAMENEIOUT-AKHA-26MAR01,b1e8ad2f-0f43-7f45-82ca-c7e9f6d9467f,0.0900,2026-02-28 19:57:46.517364+00:00
14111.00,2026-02-28T19:57:46.465199Z,0.9100,yes,KXKHAMENEIOUT-AKHA-26MAR01,6ccf7e51-4757-50ed-c219-33b08a7f9f13,0.0900,2026-02-28 19:57:46.465199+00:00
2146.00,2026-02-28T19:57:46.38571Z,0.9100,yes,KXKHAMENEIOUT-AKHA-26MAR01,b085a7b6-c757-68b5-05f8-9480164b72b7,0.0900,2026-02-28 19:57:46.385710+00:00
92.00,2026-02-28T19:57:46.219295Z,0.9100,yes,KXKHAMENEIOUT-AKHA-26MAR01,01c600da-213b-57f1-0acc-d108fbc01fff,0.0900,2026-02-28 19:57:46.219295+00:00
1000.00,2026-02-28T19:57:45.783071Z,0.9100,no,KXKHAMENEIOUT-AKHA-26MAR01,f5222b08-c6a1-65f6-2b60-5c0270e66232,0.0900,2026-02-28 19:57:45.783071+00:00
9615.00,2026-02-28T19:57:45.783071Z,0.9100,no,KXKHAMENEIOUT-AKHA-26MAR01,eac4e5c9-789d-65ba-305a-77c0df2b596f,0.0900,2026-02-28 19:57:45.783071+00:00
60.00,2026-02-28T19:57:45.783071Z,0.9100,no,KXKHAMENEIOUT-AKHA-26MAR01,d2e2f4b5-5dac-6b2c-0485-20ca00e6e76d,0.0900,2026-02-28 19:57:45.783071+00:00
1981.00,2026-02-28T19:57:45.783071Z,0.9100,no,KXKHAMENEIOUT-AKHA-26MAR01,cc97cd01-d806-658c-0f73-329d8d0ab5d1,0.0900,2026-02-28 19:57:45.783071+00:00
280.00,2026-02-28T19:57:45.783071Z,0.9100,no,KXKHAMENEIOUT-AKHA-26MAR01,664d3f83-17f9-6288-2f79-4202ce316c71,0.0900,2026-02-28 19:57:45.783071+00:00
600.00,2026-02-28T19:57:45.783071Z,0.9100,no,KXKHAMENEIOUT-AKHA-26MAR01,399d1f66-630d-6e42-3bd7-e04afd0afec2,0.0900,2026-02-28 19:57:45.783071+00:00
83.00,2026-02-28T19:57:45.507747Z,0.9000,yes,KXKHAMENEIOUT-AKHA-26MAR01,6a995850-1bda-649b-4417-cec1cc57751d,0.1000,2026-02-28 19:57:45.507747+00:00
940.00,2026-02-28T19:57:45.453097Z,0.9000,yes,KXKHAMENEIOUT-AKHA-26MAR01,a532d71b-5c12-49ff-4309-4d12f570b011,0.1000,2026-02-28 19:57:45.453097+00:00
235.00,2026-02-28T19:57:45.095435Z,0.9000,yes,KXKHAMENEIOUT-AKHA-26MAR01,f82f1c5f-103e-7f07-59b4-d3003605ab45,0.1000,2026-02-28 19:57:45.095435+00:00
188.00,2026-02-28T19:57:44.610298Z,0.9000,yes,KXKHAMENEIOUT-AKHA-26MAR01,b6b3c370-b336-4847-d090-84eb407df60d,0.1000,2026-02-28 19:57:44.610298+00:00
47.00,2026-02-28T19:57:44.558037Z,0.9000,yes,KXKHAMENEIOUT-AKHA-26MAR01,f312ede7-009a-772b-f6aa-97a2ce462c8d,0.1000,2026-02-28 19:57:44.558037+00:00
47.00,2026-02-28T19:57:44.032299Z,0.9000,yes,KXKHAMENEIOUT-AKHA-26MAR01,f5c62c4f-76ae-5e7b-a392-deac4bac8b09,0.1000,2026-02-28 19:57:44.032299+00:00
47.00,2026-02-28T19:57:43.748317Z,0.9000,yes,KXKHAMENEIOUT-AKHA-26MAR01,2339921a-ff42-6237-18dc-7bd52ba882fd,0.1000,2026-02-28 19:57:43.748317+00:00
470.00,2026-02-28T19:57:43.49939Z,0.9000,yes,KXKHAMENEIOUT-AKHA-26MAR01,1ea00bed-18b6-7faf-57e8-fefe9760f8cd,0.1000,2026-02-28 19:57:43.499390+00:00
4703.00,2026-02-28T19:57:43.489535Z,0.9000,yes,KXKHAMENEIOUT-AKHA-26MAR01,09f81737-b442-7da3-14e2-18eafe5f98b5,0.1000,2026-02-28 19:57:43.489535+00:00
940.00,2026-02-28T19:57:43.452786Z,0.9000,yes,KXKHAMENEIOUT-AKHA-26MAR01,901edb66-dc92-5de3-eb12-684ca730bd75,0.1000,2026-02-28 19:57:43.452786+00:00
752.00,2026-02-28T19:57:43.439378Z,0.9000,yes,KXKHAMENEIOUT-AKHA-26MAR01,a5a25760-dde2-79bb-d631-b6862702f279,0.1000,2026-02-28 19:57:43.439378+00:00
5.00,2026-02-28T19:57:43.241724Z,0.9000,yes,KXKHAMENEIOUT-AKHA-26MAR01,0f50f474-f07a-4ac3-ffca-0afd198205ed,0.1000,2026-02-28 19:57:43.241724+00:00
470.00,2026-02-28T19:57:43.153675Z,0.9000,yes,KXKHAMENEIOUT-AKHA-26MAR01,fd9f0294-99ca-552f-8efe-66f181099f69,0.1000,2026-02-28 19:57:43.153675+00:00
188.00,2026-02-28T19:57:43.138882Z,0.9000,yes,KXKHAMENEIOUT-AKHA-26MAR01,66c5f019-65ba-5ffb-2d3c-002411768dd5,0.1000,2026-02-28 19:57:43.138882+00:00
94.00,2026-02-28T19:57:43.030959Z,0.9000,yes,KXKHAMENEIOUT-AKHA-26MAR01,afa4aee7-d61e-6343-44b6-61a387926c25,0.1000,2026-02-28 19:57:43.030959+00:00
188.00,2026-02-28T19:57:42.691608Z,0.9000,yes,KXKHAMENEIOUT-AKHA-26MAR01,33c3266a-c562-7197-b892-16bc8326bdc5,0.1000,2026-02-28 19:57:42.691608+00:00
41.00,2026-02-28T19:57:42.354256Z,0.9000,yes,KXKHAMENEIOUT-AKHA-26MAR01,c31cd08c-139e-69d7-e5c1-4b0e9b5dc2c1,0.1000,2026-02-28 19:57:42.354256+00:00
940.00,2026-02-28T19:57:42.196406Z,0.9000,yes,KXKHAMENEIOUT-AKHA-26MAR01,a214bbe7-ec46-6bcf-b440-49bebfde70c9,0.1000,2026-02-28 19:57:42.196406+00:00
300.00,2026-02-28T19:57:41.938698Z,0.9100,no,KXKHAMENEIOUT-AKHA-26MAR01,cad0c13c-ea7d-79ea-70ae-e66c723058b3,0.0900,2026-02-28 19:57:41.938698+00:00
940.00,2026-02-28T19:57:41.878885Z,0.9000,yes,KXKHAMENEIOUT-AKHA-26MAR01,2dc9dca7-2042-53fb-a619-0d494f4396c5,0.1000,2026-02-28 19:57:41.878885+00:00
94.00,2026-02-28T19:57:41.565051Z,0.9000,yes,KXKHAMENEIOUT-AKHA-26MAR01,650400f9-0d32-733b-a484-a1628e13ccfd,0.1000,2026-02-28 19:57:41.565051+00:00
94.00,2026-02-28T19:57:41.339146Z,0.9000,yes,KXKHAMENEIOUT-AKHA-26MAR01,18da14d5-427e-653f-5939-d9bb12699349,0.1000,2026-02-28 19:57:41.339146+00:00
100.00,2026-02-28T19:57:40.840892Z,0.9000,yes,KXKHAMENEIOUT-AKHA-26MAR01,4ecb6959-e24e-7e83-f095-e24293486579,0.1000,2026-02-28 19:57:40.840892+00:00
100.00,2026-02-28T19:57:40.776928Z,0.9000,yes,KXKHAMENEIOUT-AKHA-26MAR01,96b69bff-4f16-4cf7-da69-aedf8f9fb515,0.1000,2026-02-28 19:57:40.776928+00:00
47.00,2026-02-28T19:57:40.672513Z,0.9000,yes,KXKHAMENEIOUT-AKHA-26MAR01,eca677ee-7802-7f87-ff00-dc2c7b134b99,0.1000,2026-02-28 19:57:40.672513+00:00
330.00,2026-02-28T19:57:40.669595Z,0.9000,yes,KXKHAMENEIOUT-AKHA-26MAR01,79a667f8-8c83-4c75-4dea-5b008279580b,0.1000,2026-02-28 19:57:40.669595+00:00
2370.00,2026-02-28T19:57:40.669595Z,0.9000,yes,KXKHAMENEIOUT-AKHA-26MAR01,795bc817-c162-4e87-7ab8-e6b2e1011dd9,0.1000,2026-02-28 19:57:40.669595+00:00
2000.00,2026-02-28T19:57:40.669595Z,0.9000,yes,KXKHAMENEIOUT-AKHA-26MAR01,1889db03-76a9-414b-55ec-49414f1dcb69,0.1000,2026-02-28 19:57:40.669595+00:00
4.00,2026-02-28T19:57:40.447225Z,0.9000,yes,KXKHAMENEIOUT-AKHA-26MAR01,fd760ff8-c29b-7c6d-466e-4b1e50e073bf,0.1000,2026-02-28 19:57:40.447225+00:00
470.00,2026-02-28T19:57:40.353793Z,0.9000,yes,KXKHAMENEIOUT-AKHA-26MAR01,9a745312-25d7-4d41-137a-4845d0ddee93,0.1000,2026-02-28 19:57:40.353793+00:00
329.00,2026-02-28T19:57:40.285871Z,0.9000,yes,KXKHAMENEIOUT-AKHA-26MAR01,670f83c5-a143-6065-c3f4-90c1643c6693,0.1000,2026-02-28 19:57:40.285871+00:00
1025.00,2026-02-28T19:57:40.260565Z,0.9000,yes,KXKHAMENEIOUT-AKHA-26MAR01,56272582-b32b-6769-74b6-18c32092f6af,0.1000,2026-02-28 19:57:40.260565+00:00
940.00,2026-02-28T19:57:40.260519Z,0.9000,yes,KXKHAMENEIOUT-AKHA-26MAR01,21e4cc04-d9af-6c31-a2ae-bbb466e6a027,0.1000,2026-02-28 19:57:40.260519+00:00
6114.00,2026-02-28T19:57:39.703612Z,0.9000,yes,KXKHAMENEIOUT-AKHA-26MAR01,6a6d919a-450f-4169-ff8c-834b0fbc3b93,0.1000,2026-02-28 19:57:39.703612+00:00
564.00,2026-02-28T19:57:39.556131Z,0.9000,yes,KXKHAMENEIOUT-AKHA-26MAR01,9dde5537-8e07-5a49-45f0-5034eec349ef,0.1000,2026-02-28 19:57:39.556131+00:00
47.00,2026-02-28T19:57:39.527667Z,0.9000,yes,KXKHAMENEIOUT-AKHA-26MAR01,4fc1ddbb-08af-52d5-73c0-c5349d9c10ab,0.1000,2026-02-28 19:57:39.527667+00:00
470.00,2026-02-28T19:57:38.956061Z,0.9000,yes,KXKHAMENEIOUT-AKHA-26MAR01,bdadc793-c563-785d-18c9-2542dfd0d073,0.1000,2026-02-28 19:57:38.956061+00:00
1411.00,2026-02-28T19:57:38.924759Z,0.9000,yes,KXKHAMENEIOUT-AKHA-26MAR01,234df1fb-b4a7-5001-ca3b-30617d81fc1b,0.1000,2026-02-28 19:57:38.924759+00:00
94.00,2026-02-28T19:57:38.841263Z,0.9000,yes,KXKHAMENEIOUT-AKHA-26MAR01,9214f43d-62f3-7de1-5b09-d2a5e2d5bd4b,0.1000,2026-02-28 19:57:38.841263+00:00
50.00,2026-02-28T19:57:38.632761Z,0.9000,yes,KXKHAMENEIOUT-AKHA-26MAR01,d3ff1450-e63f-5ab9-c075-fd629d049463,0.1000,2026-02-28 19:57:38.632761+00:00
188.00,2026-02-28T19:57:38.308581Z,0.9000,yes,KXKHAMENEIOUT-AKHA-26MAR01,e88cc615-d8b3-6755-4e15-2626320ed693,0.1000,2026-02-28 19:57:38.308581+00:00
100.00,2026-02-28T19:57:38.254043Z,0.9000,yes,KXKHAMENEIOUT-AKHA-26MAR01,775ccc95-b267-6261-0b70-8b1092cad1a3,0.1000,2026-02-28 19:57:38.254043+00:00
1881.00,2026-02-28T19:57:38.18803Z,0.9000,yes,KXKHAMENEIOUT-AKHA-26MAR01,b5f4e872-8c3b-5825-8215-5e471d40cba7,0.1000,2026-02-28 19:57:38.188030+00:00
47.00,2026-02-28T19:57:38.070412Z,0.9000,yes,KXKHAMENEIOUT-AKHA-26MAR01,c727ae00-ea6f-68b1-bdc5-ba81c194e2d3,0.1000,2026-02-28 19:57:38.070412+00:00
47.00,2026-02-28T19:57:37.969672Z,0.9000,yes,KXKHAMENEIOUT-AKHA-26MAR01,dfa54605-4e93-7df1-320f-fc44b7c0e30f,0.1000,2026-02-28 19:57:37.969672+00:00
940.00,2026-02-28T19:57:37.943072Z,0.9000,yes,KXKHAMENEIOUT-AKHA-26MAR01,1a469060-1e7b-5efd-ab87-2602f532dcab,0.1000,2026-02-28 19:57:37.943072+00:00
3.00,2026-02-28T19:57:37.876736Z,0.9100,no,KXKHAMENEIOUT-AKHA-26MAR01,3e54e7fe-9d39-6a6e-74e2-fe7130fad5cf,0.0900,2026-02-28 19:57:37.876736+00:00
186.00,2026-02-28T19:57:37.587913Z,0.9000,yes,KXKHAMENEIOUT-AKHA-26MAR01,6f5fa6d4-c2eb-7e69-58d7-02ae7ac8e847,0.1000,2026-02-28 19:57:37.587913+00:00
94.00,2026-02-28T19:57:37.549634Z,0.9000,yes,KXKHAMENEIOUT-AKHA-26MAR01,164ef317-43b7-735d-8f34-e1c83b699e73,0.1000,2026-02-28 19:57:37.549634+00:00
940.00,2026-02-28T19:57:37.373542Z,0.9000,yes,KXKHAMENEIOUT-AKHA-26MAR01,c7dbd238-7eff-5529-e3a1-26c54743d4ab,0.1000,2026-02-28 19:57:37.373542+00:00
15.00,2026-02-28T19:57:35.91311Z,0.9100,no,KXKHAMENEIOUT-AKHA-26MAR01,e15a3646-e2c5-7af6-0728-224d88e4afaf,0.0900,2026-02-28 19:57:35.913110+00:00
94.00,2026-02-28T19:57:35.843501Z,0.9000,yes,KXKHAMENEIOUT-AKHA-26MAR01,d8cd1b55-88d7-5065-6319-951f34ebc1ab,0.1000,2026-02-28 19:57:35.843501+00:00
94.00,2026-02-28T19:57:35.621844Z,0.9000,yes,KXKHAMENEIOUT-AKHA-26MAR01,bf20793c-3d9b-78cd-3aa4-7691181457df,0.1000,2026-02-28 19:57:35.621844+00:00
47.00,2026-02-28T19:57:35.391353Z,0.9000,yes,KXKHAMENEIOUT-AKHA-26MAR01,16ee27e2-0447-58ed-960b-411c37d7946f,0.1000,2026-02-28 19:57:35.391353+00:00
940.00,2026-02-28T19:57:34.767602Z,0.9000,yes,KXKHAMENEIOUT-AKHA-26MAR01,55f45879-aeab-643d-341c-dc36aaf3db07,0.1000,2026-02-28 19:57:34.767602+00:00
94.00,2026-02-28T19:57:34.4709Z,0.9000,yes,KXKHAMENEIOUT-AKHA-26MAR01,f110a1fe-b7ff-6049-b092-92c49148852f,0.1000,2026-02-28 19:57:34.470900+00:00
940.00,2026-02-28T19:57:34.301021Z,0.9000,yes,KXKHAMENEIOUT-AKHA-26MAR01,e4a55f22-1dcb-4461-076f-e1ca2ae6169b,0.1000,2026-02-28 19:57:34.301021+00:00
752.00,2026-02-28T19:57:33.641933Z,0.9000,yes,KXKHAMENEIOUT-AKHA-26MAR01,dc35d2d3-7843-6a0d-a2a7-45967e0c28bf,0.1000,2026-02-28 19:57:33.641933+00:00
216.00,2026-02-28T19:57:33.570414Z,0.9000,yes,KXKHAMENEIOUT-AKHA-26MAR01,fe933ed1-733f-7a5d-1330-952892123aab,0.1000,2026-02-28 19:57:33.570414+00:00
10.00,2026-02-28T19:57:33.538167Z,0.9000,yes,KXKHAMENEIOUT-AKHA-26MAR01,5c6c524d-5383-5241-1e5b-46742284d87b,0.1000,2026-02-28 19:57:33.538167+00:00
542.00,2026-02-28T19:57:33.259951Z,0.9000,yes,KXKHAMENEIOUT-AKHA-26MAR01,94a9aa6c-0007-5ae1-08d4-089260a280df,0.1000,2026-02-28 19:57:33.259951+00:00
398.00,2026-02-28T19:57:33.259951Z,0.9000,yes,KXKHAMENEIOUT-AKHA-26MAR01,07fbc66b-c83e-5588-3088-1fd73ff1d3f8,0.1000,2026-02-28 19:57:33.259951+00:00
940.00,2026-02-28T19:57:32.869719Z,0.9000,yes,KXKHAMENEIOUT-AKHA-26MAR01,6c23e420-841e-7384-0f2f-2b07adad4a84,0.1000,2026-02-28 19:57:32.869719+00:00
188.00,2026-02-28T19:57:32.386602Z,0.9000,yes,KXKHAMENEIOUT-AKHA-26MAR01,6c3886d1-a7ca-6ed8-936e-dcb1490c63e4,0.1000,2026-02-28 19:57:32.386602+00:00
2351.00,2026-02-28T19:57:31.83743Z,0.9000,yes,KXKHAMENEIOUT-AKHA-26MAR01,2f57c8f8-2082-7450-c7c0-1d06455dfa10,0.1000,2026-02-28 19:57:31.837430+00:00
2822.00,2026-02-28T19:57:31.82114Z,0.9000,yes,KXKHAMENEIOUT-AKHA-26MAR01,9695c739-8d3e-42b0-2d7c-d56431c7d3cc,0.1000,2026-02-28 19:57:31.821140+00:00
67.00,2026-02-28T19:57:31.779569Z,0.9100,no,KXKHAMENEIOUT-AKHA-26MAR01,9b842342-e65d-792e-9296-a4a3eb4c4c13,0.0900,2026-02-28 19:57:31.779569+00:00
94.00,2026-02-28T19:57:31.708366Z,0.9000,yes,KXKHAMENEIOUT-AKHA-26MAR01,0a981a9e-3fba-6248-6f80-564461afc854,0.1000,2026-02-28 19:57:31.708366+00:00
940.00,2026-02-28T19:57:31.134873Z,0.9000,yes,KXKHAMENEIOUT-AKHA-26MAR01,92f8f784-a7ba-6c80-3551-2fe94f3be690,0.1000,2026-02-28 19:57:31.134873+00:00
15.00,2026-02-28T19:57:31.101468Z,0.9000,yes,KXKHAMENEIOUT-AKHA-26MAR01,ee1515c2-2e06-68e8-6572-546c3f692d74,0.1000,2026-02-28 19:57:31.101468+00:00
24.00,2026-02-28T19:57:31.076835Z,0.9000,yes,KXKHAMENEIOUT-AKHA-26MAR01,3edd09d2-eefe-6664-533b-f46b18181224,0.1000,2026-02-28 19:57:31.076835+00:00
9.00,2026-02-28T19:57:30.865618Z,0.9000,yes,KXKHAMENEIOUT-AKHA-26MAR01,79610b73-e612-6f98-4c79-d02b51e530f4,0.1000,2026-02-28 19:57:30.865618+00:00
141.00,2026-02-28T19:57:30.786639Z,0.9000,yes,KXKHAMENEIOUT-AKHA-26MAR01,b0998872-2e46-7e9c-e980-7d97fc386210,0.1000,2026-02-28 19:57:30.786639+00:00
4.00,2026-02-28T19:57:30.325607Z,0.9000,yes,KXKHAMENEIOUT-AKHA-26MAR01,57eb1e14-671e-6328-ea7e-fbd3a0c46368,0.1000,2026-02-28 19:57:30.325607+00:00
270.00,2026-02-28T19:57:29.640795Z,0.9100,no,KXKHAMENEIOUT-AKHA-26MAR01,f7581757-bd45-7e64-e6e5-e672257bb864,0.0900,2026-02-28 19:57:29.640795+00:00
1000.00,2026-02-28T19:57:29.640795Z,0.9100,no,KXKHAMENEIOUT-AKHA-26MAR01,a573f7f9-20ce-73d6-dd42-fd6112522108,0.0900,2026-02-28 19:57:29.640795+00:00
400.00,2026-02-28T19:57:29.640795Z,0.9100,no,KXKHAMENEIOUT-AKHA-26MAR01,5c4192fd-fb61-7559-c7db-bb0d3e50de2d,0.0900,2026-02-28 19:57:29.640795+00:00
244.00,2026-02-28T19:57:29.640795Z,0.9100,no,KXKHAMENEIOUT-AKHA-26MAR01,4fb1268e-4ed8-7eab-e4a0-357fed4b28b0,0.0900,2026-02-28 19:57:29.640795+00:00
84.00,2026-02-28T19:57:29.358558Z,0.9000,yes,KXKHAMENEIOUT-AKHA-26MAR01,39ddd69d-860a-7198-5d90-20081ec5f448,0.1000,2026-02-28 19:57:29.358558+00:00
141.00,2026-02-28T19:57:29.054987Z,0.9000,yes,KXKHAMENEIOUT-AKHA-26MAR01,20f28d8e-3a22-5ee4-da06-2c94dadadce4,0.1000,2026-02-28 19:57:29.054987+00:00
188.00,2026-02-28T19:57:28.934091Z,0.9000,yes,KXKHAMENEIOUT-AKHA-26MAR01,b9fe8d1f-ba26-4ffc-ebf9-9501419b5504,0.1000,2026-02-28 19:57:28.934091+00:00
4.00,2026-02-28T19:57:28.436398Z,0.9000,yes,KXKHAMENEIOUT-AKHA-26MAR01,8dbefa48-9a22-6d90-e1a7-8e0d6e7f2320,0.1000,2026-02-28 19:57:28.436398+00:00
94.00,2026-02-28T19:57:28.244006Z,0.9000,yes,KXKHAMENEIOUT-AKHA-26MAR01,d5764578-ae5e-5980-1cf0-68b546034bb4,0.1000,2026-02-28 19:57:28.244006+00:00
188.00,2026-02-28T19:57:28.059186Z,0.9000,yes,KXKHAMENEIOUT-AKHA-26MAR01,a5ad8cad-ad66-4708-7972-cfeadbfdd4bc,0.1000,2026-02-28 19:57:28.059186+00:00
2822.00,2026-02-28T19:57:28.027805Z,0.9000,yes,KXKHAMENEIOUT-AKHA-26MAR01,7ba4fe6a-88f2-71e4-fd14-62a7e169e3dc,0.1000,2026-02-28 19:57:28.027805+00:00
4233.00,2026-02-28T19:57:27.507158Z,0.9000,yes,KXKHAMENEIOUT-AKHA-26MAR01,62a30647-2dae-6268-2c3c-00d7398eeaf8,0.1000,2026-02-28 19:57:27.507158+00:00
18.00,2026-02-28T19:57:27.485501Z,0.9000,yes,KXKHAMENEIOUT-AKHA-26MAR01,b201663c-8992-7050-95f2-7d0d9a4935e0,0.1000,2026-02-28 19:57:27.485501+00:00
94.00,2026-02-28T19:57:27.301802Z,0.9000,yes,KXKHAMENEIOUT-AKHA-26MAR01,86755be8-70b2-412c-6e1d-479b5ac36978,0.1000,2026-02-28 19:57:27.301802+00:00
50.00,2026-02-28T19:57:27.148451Z,0.9000,yes,KXKHAMENEIOUT-AKHA-26MAR01,29c923d9-454e-5d1c-6011-94e0c036e6b0,0.1000,2026-02-28 19:57:27.148451+00:00
94.00,2026-02-28T19:57:26.02036Z,0.9000,yes,KXKHAMENEIOUT-AKHA-26MAR01,807fa007-0e5e-57f4-87b9-a3aa08cbdb70,0.1000,2026-02-28 19:57:26.020360+00:00
28222.00,2026-02-28T19:57:25.72048Z,0.9000,yes,KXKHAMENEIOUT-AKHA-26MAR01,ed8ffd47-f80e-5844-0b0f-3c8621f807c4,0.1000,2026-02-28 19:57:25.720480+00:00
1881.00,2026-02-28T19:57:25.564863Z,0.9000,yes,KXKHAMENEIOUT-AKHA-26MAR01,07a11fbf-42b6-5a74-1d97-86bca0c79cdc,0.1000,2026-02-28 19:57:25.564863+00:00
188.00,2026-02-28T19:57:25.37978Z,0.9000,yes,KXKHAMENEIOUT-AKHA-26MAR01,a27b6d73-498e-5520-cb80-6860f43879f4,0.1000,2026-02-28 19:57:25.379780+00:00
94.00,2026-02-28T19:57:25.035712Z,0.9000,yes,KXKHAMENEIOUT-AKHA-26MAR01,fb32277a-99ce-4a70-a48e-14dfa973ba3c,0.1000,2026-02-28 19:57:25.035712+00:00
940.00,2026-02-28T19:57:24.358267Z,0.9000,yes,KXKHAMENEIOUT-AKHA-26MAR01,6508c471-5fa6-65b4-5fb0-41555a68c4b8,0.1000,2026-02-28 19:57:24.358267+00:00
9.00,2026-02-28T19:57:23.780237Z,0.9000,yes,KXKHAMENEIOUT-AKHA-26MAR01,873f5467-7a32-4f34-1a7d-0acca4de5db0,0.1000,2026-02-28 19:57:23.780237+00:00
2730.00,2026-02-28T19:57:23.779206Z,0.9000,yes,KXKHAMENEIOUT-AKHA-26MAR01,64b0ff53-21ba-7d9c-2186-8391714c8800,0.1000,2026-02-28 19:57:23.779206+00:00
1926.00,2026-02-28T19:57:23.779206Z,0.9000,yes,KXKHAMENEIOUT-AKHA-26MAR01,119758bb-9713-7d6c-1bcd-583556d387dc,0.1000,2026-02-28 19:57:23.779206+00:00
47.00,2026-02-28T19:57:23.670357Z,0.9000,yes,KXKHAMENEIOUT-AKHA-26MAR01,44886089-2c0b-63c0-c4f3-d3bd7f0bc814,0.1000,2026-02-28 19:57:23.670357+00:00
94.00,2026-02-28T19:57:23.35189Z,0.9000,yes,KXKHAMENEIOUT-AKHA-26MAR01,9b05380b-c973-4e60-7f12-7fa739b06f94,0.1000,2026-02-28 19:57:23.351890+00:00
188.00,2026-02-28T19:57:22.628286Z,0.9000,yes,KXKHAMENEIOUT-AKHA-26MAR01,34be9bbf-4877-7530-2dab-bbe1d43a7abc,0.1000,2026-02-28 19:57:22.628286+00:00
100.00,2026-02-28T19:57:22.2917Z,0.9000,yes,KXKHAMENEIOUT-AKHA-26MAR01,ec05532d-5f53-6e7c-1dba-0f6fd15599c8,0.1000,2026-02-28 19:57:22.291700+00:00
47.00,2026-02-28T19:57:22.092775Z,0.9000,yes,KXKHAMENEIOUT-AKHA-26MAR01,6d969267-226b-4034-526f-1a640a3df800,0.1000,2026-02-28 19:57:22.092775+00:00
188.00,2026-02-28T19:57:20.69547Z,0.9000,yes,KXKHAMENEIOUT-AKHA-26MAR01,8dfc30ce-2d37-7b44-3e24-dcb8456c4a28,0.1000,2026-02-28 19:57:20.695470+00:00
940.00,2026-02-28T19:57:20.189156Z,0.9000,yes,KXKHAMENEIOUT-AKHA-26MAR01,1da6adc5-da9f-7e68-4f76-7328a1be8b78,0.1000,2026-02-28 19:57:20.189156+00:00
940.00,2026-02-28T19:57:19.830375Z,0.9000,yes,KXKHAMENEIOUT-AKHA-26MAR01,be2c3fc4-528b-4054-a9a4-215b45267c2c,0.1000,2026-02-28 19:57:19.830375+00:00
94.00,2026-02-28T19:57:19.537675Z,0.9000,yes,KXKHAMENEIOUT-AKHA-26MAR01,b51134c4-9317-6230-5133-8485b26bcec8,0.1000,2026-02-28 19:57:19.537675+00:00
250.00,2026-02-28T19:57:19.151314Z,0.9000,yes,KXKHAMENEIOUT-AKHA-26MAR01,18e13a69-ac53-5d50-5cbd-a0d1c91bc8c0,0.1000,2026-02-28 19:57:19.151314+00:00
47.00,2026-02-28T19:57:19.058154Z,0.9000,yes,KXKHAMENEIOUT-AKHA-26MAR01,df118ffd-588b-4f44-1a9b-0974719749b0,0.1000,2026-02-28 19:57:19.058154+00:00
47.00,2026-02-28T19:57:18.684502Z,0.9000,yes,KXKHAMENEIOUT-AKHA-26MAR01,0deaf5b5-af3f-5150-3e83-efeaf2295fdc,0.1000,2026-02-28 19:57:18.684502+00:00
1881.00,2026-02-28T19:57:18.389614Z,0.9000,yes,KXKHAMENEIOUT-AKHA-26MAR01,e94943cb-a2fb-7efc-ea8f-1af70d6b37d4,0.1000,2026-02-28 19:57:18.389614+00:00
94.00,2026-02-28T19:57:17.594062Z,0.9000,yes,KXKHAMENEIOUT-AKHA-26MAR01,3c3d287e-8e87-5598-9e7b-b55daec79cc8,0.1000,2026-02-28 19:57:17.594062+00:00
9.00,2026-02-28T19:57:17.518402Z,0.9000,yes,KXKHAMENEIOUT-AKHA-26MAR01,fcd79727-8ab7-5d30-7d67-a220422abcec,0.1000,2026-02-28 19:57:17.518402+00:00
84.00,2026-02-28T19:57:16.963604Z,0.9000,yes,KXKHAMENEIOUT-AKHA-26MAR01,ac0b376e-f7c3-6f5c-40c9-c46a257469b8,0.1000,2026-02-28 19:57:16.963604+00:00
470.00,2026-02-28T19:57:15.654118Z,0.9000,yes,KXKHAMENEIOUT-AKHA-26MAR01,a75cfe42-4a13-7f44-a3b9-af73a2b12f2c,0.1000,2026-02-28 19:57:15.654118+00:00
72.00,2026-02-28T19:57:15.381534Z,0.9000,yes,KXKHAMENEIOUT-AKHA-26MAR01,4d496aee-2dc3-439c-1b57-9f6071d0a244,0.1000,2026-02-28 19:57:15.381534+00:00
140.00,2026-02-28T19:57:13.752565Z,0.9100,yes,KXKHAMENEIOUT-AKHA-26MAR01,b4bdcc5b-a4ff-50a3-1cb6-66af384e5e62,0.0900,2026-02-28 19:57:13.752565+00:00
104.00,2026-02-28T19:57:13.143756Z,0.9100,yes,KXKHAMENEIOUT-AKHA-26MAR01,db3db187-0c8b-734b-cef4-ffe7867bf526,0.0900,2026-02-28 19:57:13.143756+00:00
104.00,2026-02-28T19:57:12.491474Z,0.9100,yes,KXKHAMENEIOUT-AKHA-26MAR01,1e27e3ba-85df-46b3-2c39-483abd915f42,0.0900,2026-02-28 19:57:12.491474+00:00
1044.00,2026-02-28T19:57:11.946497Z,0.9100,yes,KXKHAMENEIOUT-AKHA-26MAR01,fe5ada14-a5ef-51ff-be7c-eb642e18768e,0.0900,2026-02-28 19:57:11.946497+00:00
168.00,2026-02-28T19:57:11.210345Z,0.9100,yes,KXKHAMENEIOUT-AKHA-26MAR01,3ae62f73-4fab-506f-f51c-25e178153112,0.0900,2026-02-28 19:57:11.210345+00:00
104.00,2026-02-28T19:57:11.06779Z,0.9100,yes,KXKHAMENEIOUT-AKHA-26MAR01,787ead6c-05b3-6693-e26d-02f61da7709a,0.0900,2026-02-28 19:57:11.067790+00:00
522.00,2026-02-28T19:57:10.352763Z,0.9100,yes,KXKHAMENEIOUT-AKHA-26MAR01,535b7493-eb53-5773-ad16-0ae96d7776d2,0.0900,2026-02-28 19:57:10.352763+00:00
3478.00,2026-02-28T19:57:10.204852Z,0.9100,yes,KXKHAMENEIOUT-AKHA-26MAR01,700fec72-556f-6377-3162-f7646f70963e,0.0900,2026-02-28 19:57:10.204852+00:00
522.00,2026-02-28T19:57:10.154332Z,0.9100,yes,KXKHAMENEIOUT-AKHA-26MAR01,7e44e795-8173-702f-0508-ed4ddfae1b4a,0.0900,2026-02-28 19:57:10.154332+00:00
2611.00,2026-02-28T19:57:09.505507Z,0.9100,yes,KXKHAMENEIOUT-AKHA-26MAR01,521e2b82-eafb-5ddb-7e75-beb74f048156,0.0900,2026-02-28 19:57:09.505507+00:00
10000.00,2026-02-28T19:57:09.186599Z,0.9100,yes,KXKHAMENEIOUT-AKHA-26MAR01,74e38055-611f-6337-f943-d5688ebf39b6,0.0900,2026-02-28 19:57:09.186599+00:00
375.00,2026-02-28T19:57:07.56605Z,0.9200,no,KXKHAMENEIOUT-AKHA-26MAR01,235e8926-d000-62fc-bd6e-4511c840ca2b,0.0800,2026-02-28 19:57:07.566050+00:00
19.00,2026-02-28T19:57:07.56605Z,0.9200,no,KXKHAMENEIOUT-AKHA-26MAR01,1da0343d-f1c6-6d80-a509-bf54fc7751c9,0.0800,2026-02-28 19:57:07.566050+00:00
150.00,2026-02-28T19:57:07.39758Z,0.9100,yes,KXKHAMENEIOUT-AKHA-26MAR01,15ceef46-6c53-5743-34dd-177c4dce9dc6,0.0900,2026-02-28 19:57:07.397580+00:00
200.00,2026-02-28T19:57:07.063048Z,0.9100,yes,KXKHAMENEIOUT-AKHA-26MAR01,d698360d-469b-4e8b-0fa2-a239cb453942,0.0900,2026-02-28 19:57:07.063048+00:00
25.00,2026-02-28T19:57:06.896419Z,0.9100,yes,KXKHAMENEIOUT-AKHA-26MAR01,f97293c7-3c70-7867-6827-8a1bc7ff4145,0.0900,2026-02-28 19:57:06.896419+00:00
853.00,2026-02-28T19:57:06.896419Z,0.9100,yes,KXKHAMENEIOUT-AKHA-26MAR01,d55cea66-625f-7933-647c-cf1185003ae2,0.0900,2026-02-28 19:57:06.896419+00:00
166.00,2026-02-28T19:57:06.896419Z,0.9100,yes,KXKHAMENEIOUT-AKHA-26MAR01,03ac847a-2c0c-72a6-58de-d46a5430edef,0.0900,2026-02-28 19:57:06.896419+00:00
104.00,2026-02-28T19:57:06.866754Z,0.9100,yes,KXKHAMENEIOUT-AKHA-26MAR01,bb85c38d-fb08-4412-2722-d10f0a76f35f,0.0900,2026-02-28 19:57:06.866754+00:00
104.00,2026-02-28T19:57:06.7036Z,0.9100,yes,KXKHAMENEIOUT-AKHA-26MAR01,5573940b-3268-445e-f917-f73c90b6cbe3,0.0900,2026-02-28 19:57:06.703600+00:00
522.00,2026-02-28T19:57:06.439715Z,0.9100,yes,KXKHAMENEIOUT-AKHA-26MAR01,b3b04608-c344-417e-58af-133184e4742b,0.0900,2026-02-28 19:57:06.439715+00:00
104.00,2026-02-28T19:57:06.42564Z,0.9100,yes,KXKHAMENEIOUT-AKHA-26MAR01,63b04bc5-1a0c-77e6-4e9a-1f4a30e3e363,0.0900,2026-02-28 19:57:06.425640+00:00
51.00,2026-02-28T19:57:06.126578Z,0.9100,yes,KXKHAMENEIOUT-AKHA-26MAR01,d29350e9-2b6a-6d63-9636-845bb2d83f1c,0.0900,2026-02-28 19:57:06.126578+00:00
1.00,2026-02-28T19:57:06.126578Z,0.9100,yes,KXKHAMENEIOUT-AKHA-26MAR01,3306ebf7-880f-6f2e-ac63-69ec57377a70,0.0900,2026-02-28 19:57:06.126578+00:00
1121.00,2026-02-28T19:57:05.900866Z,0.9100,yes,KXKHAMENEIOUT-AKHA-26MAR01,ba16a88e-73b6-64df-a781-2e379b597de8,0.0900,2026-02-28 19:57:05.900866+00:00
1044.00,2026-02-28T19:57:05.253788Z,0.9100,yes,KXKHAMENEIOUT-AKHA-26MAR01,a44013ea-0f52-658f-ecce-44038cebe14c,0.0900,2026-02-28 19:57:05.253788+00:00
104.00,2026-02-28T19:57:04.6085Z,0.9100,yes,KXKHAMENEIOUT-AKHA-26MAR01,a99c623f-9d5a-4237-4513-cbce36113f14,0.0900,2026-02-28 19:57:04.608500+00:00
522.00,2026-02-28T19:57:04.244885Z,0.9100,yes,KXKHAMENEIOUT-AKHA-26MAR01,dc0668e8-d4a2-4ff7-56bb-ed4e1353e29c,0.0900,2026-02-28 19:57:04.244885+00:00
5159.00,2026-02-28T19:57:04.095812Z,0.9100,yes,KXKHAMENEIOUT-AKHA-26MAR01,e1b27b29-869e-4843-409e-321cc05aef58,0.0900,2026-02-28 19:57:04.095812+00:00
522.00,2026-02-28T19:57:04.066177Z,0.9100,yes,KXKHAMENEIOUT-AKHA-26MAR01,97668adf-f036-7cb7-0a93-e22e3eb27478,0.0900,2026-02-28 19:57:04.066177+00:00
31.00,2026-02-28T19:57:03.043431Z,0.9100,yes,KXKHAMENEIOUT-AKHA-26MAR01,72466857-bf0a-41df-4168-cbb3cdbaebc8,0.0900,2026-02-28 19:57:03.043431+00:00
522.00,2026-02-28T19:57:03.037573Z,0.9100,yes,KXKHAMENEIOUT-AKHA-26MAR01,02ba519e-f3f2-614b-aaab-bab405510778,0.0900,2026-02-28 19:57:03.037573+00:00
62.00,2026-02-28T19:57:02.67808Z,0.9100,yes,KXKHAMENEIOUT-AKHA-26MAR01,094313e3-4ae2-65c7-97de-7aa71951d85c,0.0900,2026-02-28 19:57:02.678080+00:00
52.00,2026-02-28T19:57:02.31757Z,0.9100,yes,KXKHAMENEIOUT-AKHA-26MAR01,74f7ecfa-25ea-74b7-3127-da543fe05ad4,0.0900,2026-02-28 19:57:02.317570+00:00
2272.00,2026-02-28T19:57:02.108015Z,0.9100,yes,KXKHAMENEIOUT-AKHA-26MAR01,0019a654-8c32-48cf-db7e-fb2762859ea0,0.0900,2026-02-28 19:57:02.108015+00:00
522.00,2026-02-28T19:57:01.650093Z,0.9100,yes,KXKHAMENEIOUT-AKHA-26MAR01,899f9327-1632-4d47-8a61-aecd1c32cdcc,0.0900,2026-02-28 19:57:01.650093+00:00
2.00,2026-02-28T19:57:01.256401Z,0.9100,yes,KXKHAMENEIOUT-AKHA-26MAR01,a0f1cc66-3bb2-651f-79cb-6078298f90f0,0.0900,2026-02-28 19:57:01.256401+00:00
407.00,2026-02-28T19:57:00.801935Z,0.9100,yes,KXKHAMENEIOUT-AKHA-26MAR01,7dbf4555-9ee6-6d8b-046b-cdd40cf298f4,0.0900,2026-02-28 19:57:00.801935+00:00
5.00,2026-02-28T19:57:00.661229Z,0.9100,yes,KXKHAMENEIOUT-AKHA-26MAR01,6af4cef4-6046-4e23-d78b-66e648adc99c,0.0900,2026-02-28 19:57:00.661229+00:00
104.00,2026-02-28T19:56:59.882204Z,0.9100,yes,KXKHAMENEIOUT-AKHA-26MAR01,f66b73fb-890a-79ff-9446-b69b1bd44484,0.0900,2026-02-28 19:56:59.882204+00:00
15.00,2026-02-28T19:56:59.642832Z,0.9100,yes,KXKHAMENEIOUT-AKHA-26MAR01,2e82f8dc-8e4e-5d93-1524-2fb82860eb34,0.0900,2026-02-28 19:56:59.642832+00:00
522.00,2026-02-28T19:56:59.621413Z,0.9100,yes,KXKHAMENEIOUT-AKHA-26MAR01,bf59f375-d3b2-7e8b-c0eb-b8e621368314,0.0900,2026-02-28 19:56:59.621413+00:00
3133.00,2026-02-28T19:56:59.553279Z,0.9100,yes,KXKHAMENEIOUT-AKHA-26MAR01,2d13028d-8706-48ef-4ff5-f0b3bca8ecd4,0.0900,2026-02-28 19:56:59.553279+00:00
10.00,2026-02-28T19:56:59.344547Z,0.9100,yes,KXKHAMENEIOUT-AKHA-26MAR01,3a2a0235-9716-7b47-d6c5-1375c20a5278,0.0900,2026-02-28 19:56:59.344547+00:00
522.00,2026-02-28T19:56:58.602568Z,0.9100,yes,KXKHAMENEIOUT-AKHA-26MAR01,b45813f4-7d06-4763-7344-c9e44c454b18,0.0900,2026-02-28 19:56:58.602568+00:00
1.00,2026-02-28T19:56:58.234524Z,0.9100,yes,KXKHAMENEIOUT-AKHA-26MAR01,0b160811-5e06-7df7-a5ea-1fa104d71718,0.0900,2026-02-28 19:56:58.234524+00:00
52.00,2026-02-28T19:56:58.171604Z,0.9100,yes,KXKHAMENEIOUT-AKHA-26MAR01,b0acd20e-c2fa-640f-3532-8f096d691fa4,0.0900,2026-02-28 19:56:58.171604+00:00
208.00,2026-02-28T19:56:58.133304Z,0.9100,yes,KXKHAMENEIOUT-AKHA-26MAR01,fbef70ea-19d6-4b57-c6aa-a12c3d9f2108,0.0900,2026-02-28 19:56:58.133304+00:00
500.00,2026-02-28T19:56:58.085434Z,0.9100,yes,KXKHAMENEIOUT-AKHA-26MAR01,f17c8259-315e-7173-826f-5284637dbff0,0.0900,2026-02-28 19:56:58.085434+00:00
992.00,2026-02-28T19:56:58.073718Z,0.9100,yes,KXKHAMENEIOUT-AKHA-26MAR01,80489970-05b6-5f57-98fa-5797de52725c,0.0900,2026-02-28 19:56:58.073718+00:00
104.00,2026-02-28T19:56:57.878454Z,0.9100,yes,KXKHAMENEIOUT-AKHA-26MAR01,9c62bfd2-175e-7b2b-754c-43d491bc417c,0.0900,2026-02-28 19:56:57.878454+00:00
522.00,2026-02-28T19:56:57.789819Z,0.9100,yes,KXKHAMENEIOUT-AKHA-26MAR01,781b83af-a7d6-4f0b-2acc-3354b65492c0,0.0900,2026-02-28 19:56:57.789819+00:00
10.00,2026-02-28T19:56:57.171972Z,0.9100,yes,KXKHAMENEIOUT-AKHA-26MAR01,80d4fda0-6556-780b-040c-9d7678c19e00,0.0900,2026-02-28 19:56:57.171972+00:00
574.00,2026-02-28T19:56:56.775958Z,0.9100,yes,KXKHAMENEIOUT-AKHA-26MAR01,65278ae3-0dfa-4b97-46b3-f51d87e93488,0.0900,2026-02-28 19:56:56.775958+00:00
208.00,2026-02-28T19:56:56.428766Z,0.9100,yes,KXKHAMENEIOUT-AKHA-26MAR01,793cc7db-20b2-516f-d6cf-8989c9d75378,0.0900,2026-02-28 19:56:56.428766+00:00
52.00,2026-02-28T19:56:56.104931Z,0.9100,yes,KXKHAMENEIOUT-AKHA-26MAR01,86fe3d66-e84a-4483-bc63-b47310854280,0.0900,2026-02-28 19:56:56.104931+00:00
52.00,2026-02-28T19:56:55.094986Z,0.9100,yes,KXKHAMENEIOUT-AKHA-26MAR01,04f5f5d9-4a4a-75c7-00b5-c076e8031074,0.0900,2026-02-28 19:56:55.094986+00:00
31.00,2026-02-28T19:56:54.827062Z,0.9100,yes,KXKHAMENEIOUT-AKHA-26MAR01,ad912a62-cfce-4617-0357-468d2c572b88,0.0900,2026-02-28 19:56:54.827062+00:00
104.00,2026-02-28T19:56:54.731407Z,0.9100,yes,KXKHAMENEIOUT-AKHA-26MAR01,493e710d-b33e-41a7-123b-4ab51440e16c,0.0900,2026-02-28 19:56:54.731407+00:00
5.00,2026-02-28T19:56:54.604699Z,0.9100,yes,KXKHAMENEIOUT-AKHA-26MAR01,2fa74216-75ca-6f97-50ec-790a67f1e5f0,0.0900,2026-02-28 19:56:54.604699+00:00
261.00,2026-02-28T19:56:54.565267Z,0.9100,yes,KXKHAMENEIOUT-AKHA-26MAR01,dfd25953-e2ae-691f-2eba-1f118d2ad9a0,0.0900,2026-02-28 19:56:54.565267+00:00
2611.00,2026-02-28T19:56:54.416395Z,0.9100,yes,KXKHAMENEIOUT-AKHA-26MAR01,84c03c26-9552-6327-cb75-6fd26e9afd2c,0.0900,2026-02-28 19:56:54.416395+00:00
678.00,2026-02-28T19:56:52.98314Z,0.9100,yes,KXKHAMENEIOUT-AKHA-26MAR01,7759c1b1-c80e-5b67-1be9-d866a148ffe8,0.0900,2026-02-28 19:56:52.983140+00:00
104.00,2026-02-28T19:56:52.071549Z,0.9100,yes,KXKHAMENEIOUT-AKHA-26MAR01,13e83cad-7cde-6ddb-6518-f180bf887e70,0.0900,2026-02-28 19:56:52.071549+00:00
625.00,2026-02-28T19:56:50.49638Z,0.9200,no,KXKHAMENEIOUT-AKHA-26MAR01,a671e382-4dd8-6e1c-bc7b-9a3055c23d8b,0.0800,2026-02-28 19:56:50.496380+00:00
104.00,2026-02-28T19:56:50.223969Z,0.9100,yes,KXKHAMENEIOUT-AKHA-26MAR01,cad72914-6232-7a03-460b-5e938e1a1af8,0.0900,2026-02-28 19:56:50.223969+00:00
208.00,2026-02-28T19:56:50.194789Z,0.9100,yes,KXKHAMENEIOUT-AKHA-26MAR01,e366328d-5ee6-54cf-22ca-0eb3e0c70830,0.0900,2026-02-28 19:56:50.194789+00:00
3.00,2026-02-28T19:56:50.126067Z,0.9100,yes,KXKHAMENEIOUT-AKHA-26MAR01,e1da7c58-cdca-635f-ba9e-4cb4af294420,0.0900,2026-02-28 19:56:50.126067+00:00
522.00,2026-02-28T19:56:50.032736Z,0.9100,yes,KXKHAMENEIOUT-AKHA-26MAR01,dc31023b-ac6a-577f-812e-0b3869872238,0.0900,2026-02-28 19:56:50.032736+00:00
438.00,2026-02-28T19:56:49.817502Z,0.9100,yes,KXKHAMENEIOUT-AKHA-26MAR01,fad92102-b966-6317-7081-55ba125c6624,0.0900,2026-02-28 19:56:49.817502+00:00
261.00,2026-02-28T19:56:49.411729Z,0.9100,yes,KXKHAMENEIOUT-AKHA-26MAR01,befd7d53-8c9e-6077-73fc-8e17410f8558,0.0900,2026-02-28 19:56:49.411729+00:00
104.00,2026-02-28T19:56:48.903148Z,0.9100,yes,KXKHAMENEIOUT-AKHA-26MAR01,17d13c35-e40e-52f3-f775-1fcf311f5b9c,0.0900,2026-02-28 19:56:48.903148+00:00
261.00,2026-02-28T19:56:48.461357Z,0.9100,yes,KXKHAMENEIOUT-AKHA-26MAR01,ca4844d6-7c2e-666b-dad6-aaf800e0ac7c,0.0900,2026-02-28 19:56:48.461357+00:00
1044.00,2026-02-28T19:56:47.595519Z,0.9100,yes,KXKHAMENEIOUT-AKHA-26MAR01,50483b8e-ac8e-6e37-f6c0-125b622e35cc,0.0900,2026-02-28 19:56:47.595519+00:00
73.00,2026-02-28T19:56:47.562652Z,0.9100,yes,KXKHAMENEIOUT-AKHA-26MAR01,3f5c1996-5abe-545f-8778-155db9c3d7dc,0.0900,2026-02-28 19:56:47.562652+00:00
522.00,2026-02-28T19:56:47.302738Z,0.9100,yes,KXKHAMENEIOUT-AKHA-26MAR01,d0cab7e8-1932-576f-db91-48806e0ef4b8,0.0900,2026-02-28 19:56:47.302738+00:00
10.00,2026-02-28T19:56:47.193012Z,0.9100,yes,KXKHAMENEIOUT-AKHA-26MAR01,2625fd29-0ede-73b7-b8bd-52b28440727c,0.0900,2026-02-28 19:56:47.193012+00:00
62.00,2026-02-28T19:56:46.94975Z,0.9100,yes,KXKHAMENEIOUT-AKHA-26MAR01,289c10dc-cc16-7aa3-73b1-b5d1f0b61b20,0.0900,2026-02-28 19:56:46.949750+00:00
1044.00,2026-02-28T19:56:46.808281Z,0.9100,yes,KXKHAMENEIOUT-AKHA-26MAR01,0d7cef0e-dc66-47df-6f17-14660736fe68,0.0900,2026-02-28 19:56:46.808281+00:00
156.00,2026-02-28T19:56:46.582029Z,0.9100,yes,KXKHAMENEIOUT-AKHA-26MAR01,bee940c6-ad7e-78e3-a69c-76d14b10e618,0.0900,2026-02-28 19:56:46.582029+00:00
313.00,2026-02-28T19:56:46.581599Z,0.9100,yes,KXKHAMENEIOUT-AKHA-26MAR01,37db1c18-e036-5143-e63e-07743d881364,0.0900,2026-02-28 19:56:46.581599+00:00
323.00,2026-02-28T19:56:46.431945Z,0.9100,yes,KXKHAMENEIOUT-AKHA-26MAR01,59ee7ce3-19c6-73bf-5619-43b7bc1cd504,0.0900,2026-02-28 19:56:46.431945+00:00
31.00,2026-02-28T19:56:46.232572Z,0.9100,yes,KXKHAMENEIOUT-AKHA-26MAR01,ff3b7ddd-6e22-6e57-da37-95a3be1c0154,0.0900,2026-02-28 19:56:46.232572+00:00
800.00,2026-02-28T19:56:45.256026Z,0.9100,yes,KXKHAMENEIOUT-AKHA-26MAR01,eccaea13-e066-4723-5baf-b618653c4dd0,0.0900,2026-02-28 19:56:45.256026+00:00
522.00,2026-02-28T19:56:44.844598Z,0.9100,yes,KXKHAMENEIOUT-AKHA-26MAR01,97712698-85c6-7aef-46f9-0ae1c82143b4,0.0900,2026-02-28 19:56:44.844598+00:00
522.00,2026-02-28T19:56:44.81738Z,0.9100,yes,KXKHAMENEIOUT-AKHA-26MAR01,dcf56ba0-f432-6cdb-0538-d4bac04be994,0.0900,2026-02-28 19:56:44.817380+00:00
261.00,2026-02-28T19:56:44.156125Z,0.9100,yes,KXKHAMENEIOUT-AKHA-26MAR01,a4995fb3-90de-6b53-2a15-87a846a8beec,0.0900,2026-02-28 19:56:44.156125+00:00
52.00,2026-02-28T19:56:43.744953Z,0.9100,yes,KXKHAMENEIOUT-AKHA-26MAR01,82f9ce1a-9c36-554f-37e3-a51e100bc9c0,0.0900,2026-02-28 19:56:43.744953+00:00
52.00,2026-02-28T19:56:43.663035Z,0.9100,yes,KXKHAMENEIOUT-AKHA-26MAR01,b407ee46-0772-43a7-132b-3d0cc9e8a850,0.0900,2026-02-28 19:56:43.663035+00:00
511.00,2026-02-28T19:56:43.577697Z,0.9100,yes,KXKHAMENEIOUT-AKHA-26MAR01,25c8d56a-cf06-7ffb-e1b3-9c017777f248,0.0900,2026-02-28 19:56:43.577697+00:00
409.00,2026-02-28T19:56:43.529212Z,0.9100,yes,KXKHAMENEIOUT-AKHA-26MAR01,d79973c6-1d42-5907-05d7-362aecf72934,0.0900,2026-02-28 19:56:43.529212+00:00
29.00,2026-02-28T19:56:43.3283Z,0.9100,yes,KXKHAMENEIOUT-AKHA-26MAR01,33964e3c-03c2-78c3-61f9-7b11844c66fc,0.0900,2026-02-28 19:56:43.328300+00:00
104.00,2026-02-28T19:56:43.291316Z,0.9100,yes,KXKHAMENEIOUT-AKHA-26MAR01,d11eb1a1-638a-5127-0363-b24cae0594d4,0.0900,2026-02-28 19:56:43.291316+00:00
94.00,2026-02-28T19:56:42.983595Z,0.9100,yes,KXKHAMENEIOUT-AKHA-26MAR01,8cd8d673-380a-7b1b-8e3e-d3e056709088,0.0900,2026-02-28 19:56:42.983595+00:00
365.00,2026-02-28T19:56:42.899011Z,0.9100,yes,KXKHAMENEIOUT-AKHA-26MAR01,98456bb4-3d7a-7cdf-34a3-c07b05bb93ac,0.0900,2026-02-28 19:56:42.899011+00:00
20.00,2026-02-28T19:56:42.271887Z,0.9100,yes,KXKHAMENEIOUT-AKHA-26MAR01,e3db2986-e7da-70c3-e3e4-af09371a236c,0.0900,2026-02-28 19:56:42.271887+00:00
9401.00,2026-02-28T19:56:41.961757Z,0.9100,yes,KXKHAMENEIOUT-AKHA-26MAR01,2a6e70a7-8e0e-5a0f-8914-e66be4cf77cc,0.0900,2026-02-28 19:56:41.961757+00:00
1034.00,2026-02-28T19:56:41.420247Z,0.9100,yes,KXKHAMENEIOUT-AKHA-26MAR01,7b4aeeef-e15e-7abb-4e49-cc466130705c,0.0900,2026-02-28 19:56:41.420247+00:00
135.00,2026-02-28T19:56:41.029742Z,0.9100,yes,KXKHAMENEIOUT-AKHA-26MAR01,d5511eb9-1e8e-5b63-7523-9459977199dc,0.0900,2026-02-28 19:56:41.029742+00:00
100.00,2026-02-28T19:56:40.994976Z,0.9100,yes,KXKHAMENEIOUT-AKHA-26MAR01,8b781459-275a-7bf3-ec9a-eafb77b63588,0.0900,2026-02-28 19:56:40.994976+00:00
104.00,2026-02-28T19:56:40.826565Z,0.9100,yes,KXKHAMENEIOUT-AKHA-26MAR01,f06aab01-23fe-7457-6864-3fee513dc680,0.0900,2026-02-28 19:56:40.826565+00:00
104.00,2026-02-28T19:56:40.507129Z,0.9100,yes,KXKHAMENEIOUT-AKHA-26MAR01,210fd7a9-eae6-46f3-812e-bffe1356fd3c,0.0900,2026-02-28 19:56:40.507129+00:00
1044.00,2026-02-28T19:56:40.174439Z,0.9100,yes,KXKHAMENEIOUT-AKHA-26MAR01,c2f65fbf-0532-4517-cb9a-5b95a168b86c,0.0900,2026-02-28 19:56:40.174439+00:00
208.00,2026-02-28T19:56:39.795821Z,0.9100,yes,KXKHAMENEIOUT-AKHA-26MAR01,0c08eef7-2b82-5caf-7a14-47887d2788d4,0.0900,2026-02-28 19:56:39.795821+00:00
261.00,2026-02-28T19:56:39.2957Z,0.9100,yes,KXKHAMENEIOUT-AKHA-26MAR01,ab9cddd6-82ca-6237-3cdb-83c85f53bc9c,0.0900,2026-02-28 19:56:39.295700+00:00
2089.00,2026-02-28T19:56:39.205142Z,0.9100,yes,KXKHAMENEIOUT-AKHA-26MAR01,c1525acb-8b96-5997-d099-ace5977804b4,0.0900,2026-02-28 19:56:39.205142+00:00
73.00,2026-02-28T19:56:39.139166Z,0.9100,yes,KXKHAMENEIOUT-AKHA-26MAR01,238f58a8-55da-43b3-ffa5-0a387fccc9fc,0.0900,2026-02-28 19:56:39.139166+00:00
7782.00,2026-02-28T19:56:39.03481Z,0.9100,yes,KXKHAMENEIOUT-AKHA-26MAR01,3d127be8-2e71-464d-f986-e63f3b9065da,0.0900,2026-02-28 19:56:39.034810+00:00
2454.00,2026-02-28T19:56:39.03481Z,0.9100,yes,KXKHAMENEIOUT-AKHA-26MAR01,32cf3d27-3d42-4593-e513-d1e81fb89458,0.0900,2026-02-28 19:56:39.034810+00:00
2036.00,2026-02-28T19:56:39.017135Z,0.9100,yes,KXKHAMENEIOUT-AKHA-26MAR01,4749f885-861d-5c2d-560c-2bd346eb7e1a,0.0900,2026-02-28 19:56:39.017135+00:00
52.00,2026-02-28T19:56:39.00222Z,0.9100,yes,KXKHAMENEIOUT-AKHA-26MAR01,686ea120-5f45-7add-ab3f-c6c8fe0f0a56,0.0900,2026-02-28 19:56:39.002220+00:00
60.00,2026-02-28T19:56:38.675904Z,0.9100,yes,KXKHAMENEIOUT-AKHA-26MAR01,66cb11e1-86c9-6009-4674-18c2b875e77e,0.0900,2026-02-28 19:56:38.675904+00:00
1044.00,2026-02-28T19:56:38.468917Z,0.9100,yes,KXKHAMENEIOUT-AKHA-26MAR01,58f91996-6d7d-4359-7672-fea59bacde2a,0.0900,2026-02-28 19:56:38.468917+00:00
52.00,2026-02-28T19:56:38.097193Z,0.9100,yes,KXKHAMENEIOUT-AKHA-26MAR01,937dfc98-6189-7f1d-86e3-b58332111e2a,0.0900,2026-02-28 19:56:38.097193+00:00
261.00,2026-02-28T19:56:37.254085Z,0.9100,yes,KXKHAMENEIOUT-AKHA-26MAR01,727e1eac-dac1-63dd-37ee-fa0aa74834de,0.0900,2026-02-28 19:56:37.254085+00:00
52.00,2026-02-28T19:56:37.020592Z,0.9100,yes,KXKHAMENEIOUT-AKHA-26MAR01,a8c2a624-f039-521d-6b23-bba3c0778a4e,0.0900,2026-02-28 19:56:37.020592+00:00
261.00,2026-02-28T19:56:36.890705Z,0.9100,yes,KXKHAMENEIOUT-AKHA-26MAR01,f2ff4de0-d725-45f5-9fb6-249ac57bee06,0.0900,2026-02-28 19:56:36.890705+00:00
208.00,2026-02-28T19:56:36.762546Z,0.9100,yes,KXKHAMENEIOUT-AKHA-26MAR01,4a2f1cdd-e179-4ed1-b116-9d4732353946,0.0900,2026-02-28 19:56:36.762546+00:00
459.00,2026-02-28T19:56:36.746634Z,0.9100,yes,KXKHAMENEIOUT-AKHA-26MAR01,2d6b9c02-1519-4325-5150-d5b38a8ba8ae,0.0900,2026-02-28 19:56:36.746634+00:00
5222.00,2026-02-28T19:56:36.697104Z,0.9100,yes,KXKHAMENEIOUT-AKHA-26MAR01,c3d5c18b-d65d-43a1-882e-e84db190d366,0.0900,2026-02-28 19:56:36.697104+00:00
190.00,2026-02-28T19:56:36.337662Z,0.9100,yes,KXKHAMENEIOUT-AKHA-26MAR01,918b197c-e351-54fd-c30b-1d7d7239de26,0.0900,2026-02-28 19:56:36.337662+00:00
1044.00,2026-02-28T19:56:35.716063Z,0.9100,yes,KXKHAMENEIOUT-AKHA-26MAR01,30738edb-9619-4d15-883a-6562fbd59dae,0.0900,2026-02-28 19:56:35.716063+00:00
52.00,2026-02-28T19:56:35.457933Z,0.9100,yes,KXKHAMENEIOUT-AKHA-26MAR01,c3dcb16a-8965-5eb5-46a9-04395b16414a,0.0900,2026-02-28 19:56:35.457933+00:00
40.00,2026-02-28T19:56:34.944191Z,0.9100,yes,KXKHAMENEIOUT-AKHA-26MAR01,ab5cd2a1-e4ed-5dd1-73be-91f7022b0afa,0.0900,2026-02-28 19:56:34.944191+00:00
1.00,2026-02-28T19:56:34.943926Z,0.9100,yes,KXKHAMENEIOUT-AKHA-26MAR01,af297c89-0b65-5fed-408b-4feda43d081a,0.0900,2026-02-28 19:56:34.943926+00:00
208.00,2026-02-28T19:56:34.933672Z,0.9100,yes,KXKHAMENEIOUT-AKHA-26MAR01,62be76d9-8095-7ec1-14d4-1c900c542d7a,0.0900,2026-02-28 19:56:34.933672+00:00
52.00,2026-02-28T19:56:34.271921Z,0.9100,yes,KXKHAMENEIOUT-AKHA-26MAR01,8f81c899-282d-48a1-a6f4-1740ae2ca96e,0.0900,2026-02-28 19:56:34.271921+00:00
262.00,2026-02-28T19:56:34.03099Z,0.9100,yes,KXKHAMENEIOUT-AKHA-26MAR01,2b08e6e0-f7f1-4471-f14c-1f7cb1498fe2,0.0900,2026-02-28 19:56:34.030990+00:00
5222.00,2026-02-28T19:56:34.008416Z,0.9100,yes,KXKHAMENEIOUT-AKHA-26MAR01,1f4c70c7-7f19-5381-0453-54e87b97422a,0.0900,2026-02-28 19:56:34.008416+00:00
500.00,2026-02-28T19:56:33.902887Z,0.9100,yes,KXKHAMENEIOUT-AKHA-26MAR01,42ad0595-7e55-42c9-ce53-b718a76d3e96,0.0900,2026-02-28 19:56:33.902887+00:00
261.00,2026-02-28T19:56:33.83518Z,0.9100,yes,KXKHAMENEIOUT-AKHA-26MAR01,4f180ad2-30b1-6ff5-7070-c1928a49931a,0.0900,2026-02-28 19:56:33.835180+00:00
625.00,2026-02-28T19:56:33.730843Z,0.9100,yes,KXKHAMENEIOUT-AKHA-26MAR01,ff68f55f-ee15-431d-6e57-959977eb3302,0.0900,2026-02-28 19:56:33.730843+00:00
6226.00,2026-02-28T19:56:33.70547Z,0.9300,no,KXKHAMENEIOUT-AKHA-26MAR01,c7de5039-8257-6598-211c-2bb0d7ff650c,0.0700,2026-02-28 19:56:33.705470+00:00
100.00,2026-02-28T19:56:33.70547Z,0.9200,no,KXKHAMENEIOUT-AKHA-26MAR01,0c30edff-430b-6802-3f3e-8647f7ca9fdb,0.0800,2026-02-28 19:56:33.705470+00:00
41.00,2026-02-28T19:56:33.030014Z,0.9100,yes,KXKHAMENEIOUT-AKHA-26MAR01,83ef3934-1afd-7729-e694-d2521c441822,0.0900,2026-02-28 19:56:33.030014+00:00
261.00,2026-02-28T19:56:32.671004Z,0.9100,yes,KXKHAMENEIOUT-AKHA-26MAR01,7bdf09be-6651-7a41-427a-258f6ec5ec16,0.0900,2026-02-28 19:56:32.671004+00:00
104.00,2026-02-28T19:56:32.650973Z,0.9100,yes,KXKHAMENEIOUT-AKHA-26MAR01,91c86eef-17bd-56a5-1261-680bbb79d146,0.0900,2026-02-28 19:56:32.650973+00:00
52.00,2026-02-28T19:56:32.387522Z,0.9100,yes,KXKHAMENEIOUT-AKHA-26MAR01,6d5b8ccc-3741-7b15-0e4e-8e3a4928ee02,0.0900,2026-02-28 19:56:32.387522+00:00
1044.00,2026-02-28T19:56:31.782071Z,0.9100,yes,KXKHAMENEIOUT-AKHA-26MAR01,4cf1faae-8905-4b0d-da64-f4b296f9f1f6,0.0900,2026-02-28 19:56:31.782071+00:00
69.00,2026-02-28T19:56:31.614284Z,0.9100,yes,KXKHAMENEIOUT-AKHA-26MAR01,1b21f6f8-ff41-4af9-7eb2-0aa7070482aa,0.0900,2026-02-28 19:56:31.614284+00:00
52.00,2026-02-28T19:56:31.529781Z,0.9100,yes,KXKHAMENEIOUT-AKHA-26MAR01,f8ec9c71-8315-60ad-a9c2-6a74cbebd22a,0.0900,2026-02-28 19:56:31.529781+00:00
909.00,2026-02-28T19:56:30.530101Z,0.9100,yes,KXKHAMENEIOUT-AKHA-26MAR01,a3bdde27-e185-4801-a181-1fc6ab98db12,0.0900,2026-02-28 19:56:30.530101+00:00
41.00,2026-02-28T19:56:30.472705Z,0.9100,yes,KXKHAMENEIOUT-AKHA-26MAR01,dbb05237-4831-5af5-453b-d1e7229ec1b2,0.0900,2026-02-28 19:56:30.472705+00:00
52.00,2026-02-28T19:56:30.263372Z,0.9100,yes,KXKHAMENEIOUT-AKHA-26MAR01,76614363-8965-5565-a461-e683cd63b4f2,0.0900,2026-02-28 19:56:30.263372+00:00
522.00,2026-02-28T19:56:29.801041Z,0.9100,yes,KXKHAMENEIOUT-AKHA-26MAR01,fc150fae-31c1-4d3d-b6ed-ab225b6a4e5e,0.0900,2026-02-28 19:56:29.801041+00:00
208.00,2026-02-28T19:56:29.686857Z,0.9100,yes,KXKHAMENEIOUT-AKHA-26MAR01,7f087931-1561-7cfd-dd79-ac42cfde04f2,0.0900,2026-02-28 19:56:29.686857+00:00
1566.00,2026-02-28T19:56:29.47567Z,0.9100,yes,KXKHAMENEIOUT-AKHA-26MAR01,09c20326-c3e5-4f89-f374-b05a11440c46,0.0900,2026-02-28 19:56:29.475670+00:00
208.00,2026-02-28T19:56:29.467905Z,0.9100,yes,KXKHAMENEIOUT-AKHA-26MAR01,35e95666-ddf5-62d1-21e0-04b040a89f6a,0.0900,2026-02-28 19:56:29.467905+00:00
1044.00,2026-02-28T19:56:29.170166Z,0.9100,yes,KXKHAMENEIOUT-AKHA-26MAR01,e5aacb7c-8b09-63ad-40e9-6ce1cbb56082,0.0900,2026-02-28 19:56:29.170166+00:00
1289.00,2026-02-28T19:56:28.834511Z,0.9100,yes,KXKHAMENEIOUT-AKHA-26MAR01,f27f4653-25bd-5009-02fb-d96bf89099b6,0.0900,2026-02-28 19:56:28.834511+00:00
800.00,2026-02-28T19:56:28.834511Z,0.9200,yes,KXKHAMENEIOUT-AKHA-26MAR01,b02c708f-67e8-5650-2f31-85c3cc21bc9c,0.0800,2026-02-28 19:56:28.834511+00:00
1044.00,2026-02-28T19:56:28.475829Z,0.9100,yes,KXKHAMENEIOUT-AKHA-26MAR01,a8de8f1d-7409-7135-1d2b-79815ba981ce,0.0900,2026-02-28 19:56:28.475829+00:00
522.00,2026-02-28T19:56:27.801888Z,0.9100,yes,KXKHAMENEIOUT-AKHA-26MAR01,ad29c376-b19d-7ac1-fb1e-6198c6a6c2c6,0.0900,2026-02-28 19:56:27.801888+00:00
208.00,2026-02-28T19:56:27.560786Z,0.9100,yes,KXKHAMENEIOUT-AKHA-26MAR01,648d0ed8-fff1-41c9-632a-1eea3c140c5a,0.0900,2026-02-28 19:56:27.560786+00:00
522.00,2026-02-28T19:56:27.546583Z,0.9100,yes,KXKHAMENEIOUT-AKHA-26MAR01,ad4ded6b-48ad-4b45-3bf3-e65a36ca1d76,0.0900,2026-02-28 19:56:27.546583+00:00
191.00,2026-02-28T19:56:27.392356Z,0.9100,yes,KXKHAMENEIOUT-AKHA-26MAR01,8ab839d0-9cad-6035-6eb7-b49f3dee8c36,0.0900,2026-02-28 19:56:27.392356+00:00
1.00,2026-02-28T19:56:27.039493Z,0.9100,yes,KXKHAMENEIOUT-AKHA-26MAR01,6d0218f9-c9d1-7851-7099-7bc9d70878d2,0.0900,2026-02-28 19:56:27.039493+00:00
4787.00,2026-02-28T19:56:25.77829Z,0.9100,yes,KXKHAMENEIOUT-AKHA-26MAR01,cb48ccc5-fac1-5c1b-a483-9c8bcf17f7a1,0.0900,2026-02-28 19:56:25.778290+00:00
14104.00,2026-02-28T19:56:25.77829Z,0.9100,yes,KXKHAMENEIOUT-AKHA-26MAR01,74903ab5-820d-5d15-962c-31f0f54f877e,0.0900,2026-02-28 19:56:25.778290+00:00
2000.00,2026-02-28T19:56:25.77829Z,0.9200,yes,KXKHAMENEIOUT-AKHA-26MAR01,20835be3-163b-5305-b6f8-c7c88e136e7a,0.0800,2026-02-28 19:56:25.778290+00:00
215.00,2026-02-28T19:56:25.429569Z,0.9100,yes,KXKHAMENEIOUT-AKHA-26MAR01,bc4c4c9d-a565-5c27-4e69-813a89dfa96d,0.0900,2026-02-28 19:56:25.429569+00:00
937.00,2026-02-28T19:56:25.371979Z,0.9300,no,KXKHAMENEIOUT-AKHA-26MAR01,8ffb1d69-60b3-6d8c-5636-38b1ebbfab10,0.0700,2026-02-28 19:56:25.371979+00:00
1047.00,2026-02-28T19:56:24.610805Z,0.9100,yes,KXKHAMENEIOUT-AKHA-26MAR01,b7fd51a1-0f09-409f-3acf-6f287b502db1,0.0900,2026-02-28 19:56:24.610805+00:00
470.00,2026-02-28T19:56:24.530574Z,0.9100,yes,KXKHAMENEIOUT-AKHA-26MAR01,e35a3dfd-6181-7eef-0a6c-1840b3dc8c55,0.0900,2026-02-28 19:56:24.530574+00:00
104.00,2026-02-28T19:56:22.977453Z,0.9100,yes,KXKHAMENEIOUT-AKHA-26MAR01,0431af3d-6721-64a3-2da3-dec8f832f5ad,0.0900,2026-02-28 19:56:22.977453+00:00
104.00,2026-02-28T19:56:22.230335Z,0.9100,yes,KXKHAMENEIOUT-AKHA-26MAR01,5558d0c5-f485-5dbb-51d0-7dc0ab50f25d,0.0900,2026-02-28 19:56:22.230335+00:00
208.00,2026-02-28T19:56:21.732658Z,0.9100,yes,KXKHAMENEIOUT-AKHA-26MAR01,66553727-7e3d-4ef7-8546-0c8af4630f89,0.0900,2026-02-28 19:56:21.732658+00:00
10.00,2026-02-28T19:56:21.393647Z,0.9100,yes,KXKHAMENEIOUT-AKHA-26MAR01,888f75bd-33a1-5933-8611-30c23d37b399,0.0900,2026-02-28 19:56:21.393647+00:00
208.00,2026-02-28T19:56:20.814363Z,0.9100,yes,KXKHAMENEIOUT-AKHA-26MAR01,d5591479-1631-5273-d8d8-9b2bfe74efa9,0.0900,2026-02-28 19:56:20.814363+00:00
2567.00,2026-02-28T19:56:20.528733Z,0.9300,no,KXKHAMENEIOUT-AKHA-26MAR01,fdd2443f-6cb3-4264-9e8d-2b33d1fda2c8,0.0700,2026-02-28 19:56:20.528733+00:00
124.00,2026-02-28T19:56:20.528733Z,0.9300,no,KXKHAMENEIOUT-AKHA-26MAR01,caca13be-f773-47bf-b1eb-90b7ec4f915f,0.0700,2026-02-28 19:56:20.528733+00:00
2000.00,2026-02-28T19:56:20.528733Z,0.9300,no,KXKHAMENEIOUT-AKHA-26MAR01,8fc574fc-89ed-489f-8642-38b3d505a285,0.0700,2026-02-28 19:56:20.528733+00:00
20.00,2026-02-28T19:56:20.527216Z,0.9100,yes,KXKHAMENEIOUT-AKHA-26MAR01,b99dd35f-3189-600b-79fb-ca9758662e5d,0.0900,2026-02-28 19:56:20.527216+00:00
1023.00,2026-02-28T19:56:20.145719Z,0.9100,yes,KXKHAMENEIOUT-AKHA-26MAR01,e4f4178f-f261-5f4f-7326-5ae4ea10430d,0.0900,2026-02-28 19:56:20.145719+00:00
208.00,2026-02-28T19:56:20.092878Z,0.9100,yes,KXKHAMENEIOUT-AKHA-26MAR01,41ef5c79-bbd1-6e1b-d8d7-eb625bf8a6d9,0.0900,2026-02-28 19:56:20.092878+00:00
104.00,2026-02-28T19:56:19.834819Z,0.9100,yes,KXKHAMENEIOUT-AKHA-26MAR01,99d9170e-ced1-6f9b-60fd-f5098ddeb081,0.0900,2026-02-28 19:56:19.834819+00:00
104.00,2026-02-28T19:56:19.472715Z,0.9100,yes,KXKHAMENEIOUT-AKHA-26MAR01,45047bc9-fb31-5f57-0450-727adba8b0ad,0.0900,2026-02-28 19:56:19.472715+00:00
307.00,2026-02-28T19:56:19.185082Z,0.9100,yes,KXKHAMENEIOUT-AKHA-26MAR01,a1d68b1c-2299-4397-75e6-033510fa16e9,0.0900,2026-02-28 19:56:19.185082+00:00
961.00,2026-02-28T19:56:19.112802Z,0.9100,yes,KXKHAMENEIOUT-AKHA-26MAR01,0a32a6fd-8a75-4cbf-37f1-47326834cafd,0.0900,2026-02-28 19:56:19.112802+00:00
50.00,2026-02-28T19:56:18.659789Z,0.9100,yes,KXKHAMENEIOUT-AKHA-26MAR01,de031999-2789-704f-c09b-e3b1aed2915d,0.0900,2026-02-28 19:56:18.659789+00:00
104.00,2026-02-28T19:56:18.228638Z,0.9100,yes,KXKHAMENEIOUT-AKHA-26MAR01,07717d37-1801-7b37-d372-f3d33566e2b5,0.0900,2026-02-28 19:56:18.228638+00:00
208.00,2026-02-28T19:56:17.556815Z,0.9100,yes,KXKHAMENEIOUT-AKHA-26MAR01,ea1da5eb-e66d-4c67-9667-c35414c71425,0.0900,2026-02-28 19:56:17.556815+00:00
678.00,2026-02-28T19:56:17.17233Z,0.9100,yes,KXKHAMENEIOUT-AKHA-26MAR01,b2e8521f-0ff1-4c8b-779c-350573e1a075,0.0900,2026-02-28 19:56:17.172330+00:00
52.00,2026-02-28T19:56:16.543104Z,0.9100,yes,KXKHAMENEIOUT-AKHA-26MAR01,afde3f34-47c1-6a1b-0fc3-a8922422bc2d,0.0900,2026-02-28 19:56:16.543104+00:00
20.00,2026-02-28T19:56:16.477444Z,0.9100,yes,KXKHAMENEIOUT-AKHA-26MAR01,f47b69de-a59d-51cf-b49a-2d6a8ee0a5c9,0.0900,2026-02-28 19:56:16.477444+00:00
522.00,2026-02-28T19:56:16.198278Z,0.9100,yes,KXKHAMENEIOUT-AKHA-26MAR01,c69b396d-6e05-7ae7-f7b9-d3431f1bf5ad,0.0900,2026-02-28 19:56:16.198278+00:00
5222.00,2026-02-28T19:56:16.107782Z,0.9100,yes,KXKHAMENEIOUT-AKHA-26MAR01,b439c30d-a421-5f6b-c1c9-9d0019ce1675,0.0900,2026-02-28 19:56:16.107782+00:00
10.00,2026-02-28T19:56:16.005505Z,0.9100,yes,KXKHAMENEIOUT-AKHA-26MAR01,5c0e0225-2645-56bf-57b8-07371c98d0bd,0.0900,2026-02-28 19:56:16.005505+00:00
522.00,2026-02-28T19:56:15.758622Z,0.9100,yes,KXKHAMENEIOUT-AKHA-26MAR01,4ebcf4b4-c40d-55df-b458-b7e557c530b5,0.0900,2026-02-28 19:56:15.758622+00:00
261.00,2026-02-28T19:56:15.404152Z,0.9100,yes,KXKHAMENEIOUT-AKHA-26MAR01,b85f6829-c24d-66a7-38e9-e6406001bce9,0.0900,2026-02-28 19:56:15.404152+00:00
2611.00,2026-02-28T19:56:15.30924Z,0.9100,yes,KXKHAMENEIOUT-AKHA-26MAR01,1faa63b5-22d1-452b-0bf9-984c4a6e0c45,0.0900,2026-02-28 19:56:15.309240+00:00
5.00,2026-02-28T19:56:15.023759Z,0.9100,yes,KXKHAMENEIOUT-AKHA-26MAR01,8a48145a-5bc1-41b3-25eb-04ff9a2ca431,0.0900,2026-02-28 19:56:15.023759+00:00
52.00,2026-02-28T19:56:14.001703Z,0.9100,yes,KXKHAMENEIOUT-AKHA-26MAR01,aade7265-4e0d-6acf-8a28-6020a2e7c9f9,0.0900,2026-02-28 19:56:14.001703+00:00
10445.00,2026-02-28T19:56:13.942873Z,0.9100,yes,KXKHAMENEIOUT-AKHA-26MAR01,2f27874b-dd55-6bff-8132-11021fb05f1d,0.0900,2026-02-28 19:56:13.942873+00:00
129.00,2026-02-28T19:56:13.77867Z,0.9300,no,KXKHAMENEIOUT-AKHA-26MAR01,5243ea77-e0f3-657f-de02-adb32cb32913,0.0700,2026-02-28 19:56:13.778670+00:00
52.00,2026-02-28T19:56:13.345036Z,0.9100,yes,KXKHAMENEIOUT-AKHA-26MAR01,c13b130d-7ad9-6827-289e-f8cb3a528515,0.0900,2026-02-28 19:56:13.345036+00:00
500.00,2026-02-28T19:56:13.111895Z,0.9100,yes,KXKHAMENEIOUT-AKHA-26MAR01,54865131-1625-4187-bbd1-a909fb389211,0.0900,2026-02-28 19:56:13.111895+00:00
52.00,2026-02-28T19:56:12.917148Z,0.9100,yes,KXKHAMENEIOUT-AKHA-26MAR01,8ba475e8-872d-4477-838d-8cd0569dd055,0.0900,2026-02-28 19:56:12.917148+00:00
4178.00,2026-02-28T19:56:12.817844Z,0.9100,yes,KXKHAMENEIOUT-AKHA-26MAR01,67cc8fb0-cc19-693b-93a5-4d9a9e32b339,0.0900,2026-02-28 19:56:12.817844+00:00
522.00,2026-02-28T19:56:12.458711Z,0.9100,yes,KXKHAMENEIOUT-AKHA-26MAR01,da58c78c-db95-466b-edf5-02b2e0c8990d,0.0900,2026-02-28 19:56:12.458711+00:00
104.00,2026-02-28T19:56:12.436096Z,0.9100,yes,KXKHAMENEIOUT-AKHA-26MAR01,32c592eb-05f5-749b-fce7-7e11545ef935,0.0900,2026-02-28 19:56:12.436096+00:00
