count_fp,created_time,no_price_dollars,taker_side,ticker,trade_id,yes_price_dollars,ts_utc
228.00,2026-02-28T19:59:28.572827Z,0.5800,yes,KXKHAMENEIOUT-AKHA-26APR01,b1f381c5-e34a-546d-28a6-d1d430e20da0,0.4200,2026-02-28 19:59:28.572827+00:00
11.00,2026-02-28T19:59:28.257533Z,0.5800,yes,KXKHAMENEIOUT-AKHA-26APR01,7451f290-5982-5849-2cc4-2fc20d753c68,0.4200,2026-02-28 19:59:28.257533+00:00
59.00,2026-02-28T19:59:28.11773Z,0.5800,yes,KXKHAMENEIOUT-AKHA-26APR01,2b2987a2-c206-4025-aa1e-578303c29f78,0.4200,2026-02-28 19:59:28.117730+00:00
572.00,2026-02-28T19:59:28.114083Z,0.5800,yes,KXKHAMENEIOUT-AKHA-26APR01,5d9ff88d-d6ba-74b5-d0e5-2c7aaef16934,0.4200,2026-02-28 19:59:28.114083+00:00
45.00,2026-02-28T19:59:27.403937Z,0.5800,yes,KXKHAMENEIOUT-AKHA-26APR01,83211fef-eb16-5245-c351-274773417e1c,0.4200,2026-02-28 19:59:27.403937+00:00
1135.00,2026-02-28T19:59:26.8938Z,0.5800,yes,KXKHAMENEIOUT-AKHA-26APR01,5917fd4f-3c26-6f89-98a9-f21251b071a4,0.4200,2026-02-28 19:59:26.893800+00:00
228.00,2026-02-28T19:59:26.729367Z,0.5800,yes,KXKHAMENEIOUT-AKHA-26APR01,40944569-f71a-43e1-4f2a-aadd2eeb6044,0.4200,2026-02-28 19:59:26.729367+00:00
12.00,2026-02-28T19:59:25.598558Z,0.5800,yes,KXKHAMENEIOUT-AKHA-26APR01,029236f4-5c8e-63f9-c341-8790742c8a1c,0.4200,2026-02-28 19:59:25.598558+00:00
45.00,2026-02-28T19:59:25.518548Z,0.5800,yes,KXKHAMENEIOUT-AKHA-26APR01,3cb12173-aac6-58fd-6773-054d9f35384c,0.4200,2026-02-28 19:59:25.518548+00:00
228.00,2026-02-28T19:59:25.298255Z,0.5800,yes,KXKHAMENEIOUT-AKHA-26APR01,5cf2d0eb-4f5a-42c9-48e7-157155623e38,0.4200,2026-02-28 19:59:25.298255+00:00
2288.00,2026-02-28T19:59:24.877284Z,0.5800,yes,KXKHAMENEIOUT-AKHA-26APR01,158a6756-96f2-4239-4212-2dc30db27600,0.4200,2026-02-28 19:59:24.877284+00:00
40.00,2026-02-28T19:59:24.512427Z,0.5800,yes,KXKHAMENEIOUT-AKHA-26APR01,cd4ff722-1b64-4b99-6317-00bb75d97973,0.4200,2026-02-28 19:59:24.512427+00:00
1793.00,2026-02-28T19:59:24.512427Z,0.5800,yes,KXKHAMENEIOUT-AKHA-26APR01,b32aaa5c-d6c2-4929-63ec-c8cfbfa13fe4,0.4200,2026-02-28 19:59:24.512427+00:00
2000.00,2026-02-28T19:59:24.512427Z,0.5800,yes,KXKHAMENEIOUT-AKHA-26APR01,ae343087-fcbb-4c24-56e5-3bea10aeb098,0.4200,2026-02-28 19:59:24.512427+00:00
78.00,2026-02-28T19:59:24.512427Z,0.5800,yes,KXKHAMENEIOUT-AKHA-26APR01,ad872ca6-e8d0-4408-6a8e-c81ad161a0ad,0.4200,2026-02-28 19:59:24.512427+00:00
1717.00,2026-02-28T19:59:24.512427Z,0.5900,yes,KXKHAMENEIOUT-AKHA-26APR01,6c6a0c54-40aa-45cd-79e0-95d3c69f0747,0.4100,2026-02-28 19:59:24.512427+00:00
996.00,2026-02-28T19:59:24.512427Z,0.5800,yes,KXKHAMENEIOUT-AKHA-26APR01,660b6719-a3e4-42d1-512e-e845b285a468,0.4200,2026-02-28 19:59:24.512427+00:00
3000.00,2026-02-28T19:59:24.512427Z,0.5800,yes,KXKHAMENEIOUT-AKHA-26APR01,1a394e90-d165-466b-4df5-2e1342d230b1,0.4200,2026-02-28 19:59:24.512427+00:00
34.00,2026-02-28T19:59:24.443807Z,0.6000,no,KXKHAMENEIOUT-AKHA-26APR01,03859f1c-262e-75d8-e980-3f2774f8d731,0.4000,2026-02-28 19:59:24.443807+00:00
2383.00,2026-02-28T19:59:24.331109Z,0.6000,no,KXKHAMENEIOUT-AKHA-26APR01,e6d3fccf-622e-5be8-1330-e7a354db851d,0.4000,2026-02-28 19:59:24.331109+00:00
2.00,2026-02-28T19:59:22.934309Z,0.5900,yes,KXKHAMENEIOUT-AKHA-26APR01,f22542de-1142-7f41-8128-69bfa945b43f,0.4100,2026-02-28 19:59:22.934309+00:00
35.00,2026-02-28T19:59:22.087096Z,0.5900,yes,KXKHAMENEIOUT-AKHA-26APR01,dc5ba445-1bb2-4d05-ad71-988ff169df6b,0.4100,2026-02-28 19:59:22.087096+00:00
46.00,2026-02-28T19:59:21.460242Z,0.5900,yes,KXKHAMENEIOUT-AKHA-26APR01,9f2eb09e-c2a6-45cd-6a1d-f69294ebd36b,0.4100,2026-02-28 19:59:21.460242+00:00
11.00,2026-02-28T19:59:20.64121Z,0.5900,yes,KXKHAMENEIOUT-AKHA-26APR01,6b514386-683e-70dd-3553-33dacc92b783,0.4100,2026-02-28 19:59:20.641210+00:00
23.00,2026-02-28T19:59:19.534969Z,0.5900,yes,KXKHAMENEIOUT-AKHA-26APR01,14a893c2-2262-7e35-5c15-f365db18f143,0.4100,2026-02-28 19:59:19.534969+00:00
11.00,2026-02-28T19:59:19.005649Z,0.5900,yes,KXKHAMENEIOUT-AKHA-26APR01,4b5ba564-716e-5181-49ba-892f976d283f,0.4100,2026-02-28 19:59:19.005649+00:00
200.00,2026-02-28T19:59:18.740121Z,0.5900,yes,KXKHAMENEIOUT-AKHA-26APR01,48997acc-f502-556d-c9ef-290360ff6233,0.4100,2026-02-28 19:59:18.740121+00:00
23.00,2026-02-28T19:59:18.568085Z,0.5900,yes,KXKHAMENEIOUT-AKHA-26APR01,ceecab58-ab0e-5d39-5810-dff02755a0af,0.4100,2026-02-28 19:59:18.568085+00:00
572.00,2026-02-28T19:59:17.489883Z,0.5900,yes,KXKHAMENEIOUT-AKHA-26APR01,7a46edf7-5f0e-52f5-4c14-c29a24ada797,0.4100,2026-02-28 19:59:17.489883+00:00
1096.00,2026-02-28T19:59:17.477878Z,0.6000,no,KXKHAMENEIOUT-AKHA-26APR01,b812fec5-92d6-57d8-05fc-22c24c8ba919,0.4000,2026-02-28 19:59:17.477878+00:00
110.00,2026-02-28T19:59:17.055002Z,0.5900,yes,KXKHAMENEIOUT-AKHA-26APR01,c7ca16a0-32c2-7429-968c-7150655c373f,0.4100,2026-02-28 19:59:17.055002+00:00
62.00,2026-02-28T19:59:16.751302Z,0.6000,no,KXKHAMENEIOUT-AKHA-26APR01,29995612-e5b2-5944-d16c-af50836d72c1,0.4000,2026-02-28 19:59:16.751302+00:00
35.00,2026-02-28T19:59:15.516121Z,0.5800,yes,KXKHAMENEIOUT-AKHA-26APR01,c8be1078-13f0-6625-3083-1027a7fc29ac,0.4200,2026-02-28 19:59:15.516121+00:00
25.00,2026-02-28T19:59:15.516121Z,0.5900,yes,KXKHAMENEIOUT-AKHA-26APR01,7edb45b1-6c4b-6e80-1fbc-1bfe9c8a22d1,0.4100,2026-02-28 19:59:15.516121+00:00
56.00,2026-02-28T19:59:15.516121Z,0.5900,yes,KXKHAMENEIOUT-AKHA-26APR01,7a02d0bc-3daa-6e2e-18fa-04b117b899c8,0.4100,2026-02-28 19:59:15.516121+00:00
10.00,2026-02-28T19:59:15.466047Z,0.5900,yes,KXKHAMENEIOUT-AKHA-26APR01,db80c204-a842-5842-605a-63a5fbf45ee8,0.4100,2026-02-28 19:59:15.466047+00:00
70.00,2026-02-28T19:59:13.51266Z,0.5900,yes,KXKHAMENEIOUT-AKHA-26APR01,850abef2-660e-73da-1a4b-a820a2f1e730,0.4100,2026-02-28 19:59:13.512660+00:00
14.00,2026-02-28T19:59:12.354289Z,0.5900,yes,KXKHAMENEIOUT-AKHA-26APR01,eb1a7576-9656-71a6-0b29-98f9cd3e78c0,0.4100,2026-02-28 19:59:12.354289+00:00
21.00,2026-02-28T19:59:12.354289Z,0.5900,yes,KXKHAMENEIOUT-AKHA-26APR01,bf1e5567-8308-7f56-1308-811eddb87d27,0.4100,2026-02-28 19:59:12.354289+00:00
9.00,2026-02-28T19:59:11.594046Z,0.5900,yes,KXKHAMENEIOUT-AKHA-26APR01,b03ea7cf-3ce8-6f02-4515-49437c8a834b,0.4100,2026-02-28 19:59:11.594046+00:00
46.00,2026-02-28T19:59:10.949869Z,0.5900,yes,KXKHAMENEIOUT-AKHA-26APR01,c2dc68d3-6275-7ce0-8ddb-1cf06167c10b,0.4100,2026-02-28 19:59:10.949869+00:00
12.00,2026-02-28T19:59:10.202774Z,0.6000,no,KXKHAMENEIOUT-AKHA-26APR01,c2164e99-6832-4cc0-88a5-444561422721,0.4000,2026-02-28 19:59:10.202774+00:00
14.00,2026-02-28T19:59:10.133283Z,0.5900,yes,KXKHAMENEIOUT-AKHA-26APR01,8e2d3591-0c91-6f9c-fa11-587acd60cd9f,0.4100,2026-02-28 19:59:10.133283+00:00
25.00,2026-02-28T19:59:09.53549Z,0.6000,no,KXKHAMENEIOUT-AKHA-26APR01,208470fe-aa76-44dc-c4ec-7b1404618fcd,0.4000,2026-02-28 19:59:09.535490+00:00
18.00,2026-02-28T19:59:08.307887Z,0.6000,no,KXKHAMENEIOUT-AKHA-26APR01,3d5358ed-292e-5f48-9551-d2ee1efa2ff5,0.4000,2026-02-28 19:59:08.307887+00:00
163.00,2026-02-28T19:59:08.295356Z,0.5900,yes,KXKHAMENEIOUT-AKHA-26APR01,0e02528f-0125-527c-2137-efd51b67dcdb,0.4100,2026-02-28 19:59:08.295356+00:00
1.00,2026-02-28T19:59:07.73832Z,0.5900,yes,KXKHAMENEIOUT-AKHA-26APR01,a000c548-abc5-722c-c8f9-1099d2e040bb,0.4100,2026-02-28 19:59:07.738320+00:00
11.00,2026-02-28T19:59:07.340318Z,0.5900,yes,KXKHAMENEIOUT-AKHA-26APR01,8797fd93-7a21-7a84-9376-46caf3586183,0.4100,2026-02-28 19:59:07.340318+00:00
1171.00,2026-02-28T19:59:05.980712Z,0.5900,yes,KXKHAMENEIOUT-AKHA-26APR01,92a86f3d-f809-43f8-55bc-ef25f52203ef,0.4100,2026-02-28 19:59:05.980712+00:00
121.00,2026-02-28T19:59:05.707405Z,0.5900,yes,KXKHAMENEIOUT-AKHA-26APR01,0c0d24b1-32b5-49b4-3857-81ea93b8f833,0.4100,2026-02-28 19:59:05.707405+00:00
1171.00,2026-02-28T19:59:05.609506Z,0.5900,yes,KXKHAMENEIOUT-AKHA-26APR01,340f860a-76bd-4178-46df-8a75ad548fcf,0.4100,2026-02-28 19:59:05.609506+00:00
769.00,2026-02-28T19:59:05.128155Z,0.6000,no,KXKHAMENEIOUT-AKHA-26APR01,831eebc7-807a-41e0-7506-147953be2c99,0.4000,2026-02-28 19:59:05.128155+00:00
170.00,2026-02-28T19:59:05.109021Z,0.6000,no,KXKHAMENEIOUT-AKHA-26APR01,7033e883-009e-7514-744e-d53634737379,0.4000,2026-02-28 19:59:05.109021+00:00
25.00,2026-02-28T19:59:04.35731Z,0.6000,no,KXKHAMENEIOUT-AKHA-26APR01,3fb6a0fd-6672-4d08-240e-106f02fae139,0.4000,2026-02-28 19:59:04.357310+00:00
234.00,2026-02-28T19:59:03.204775Z,0.5900,yes,KXKHAMENEIOUT-AKHA-26APR01,801949a5-2b8d-726c-7b00-fb10eebd0f37,0.4100,2026-02-28 19:59:03.204775+00:00
1634.00,2026-02-28T19:59:02.951275Z,0.5900,yes,KXKHAMENEIOUT-AKHA-26APR01,db3b4647-6c4d-4a20-25eb-b5d99d40abbb,0.4100,2026-02-28 19:59:02.951275+00:00
351.00,2026-02-28T19:59:02.835084Z,0.5900,yes,KXKHAMENEIOUT-AKHA-26APR01,f7c7ed9a-c2bd-7ff0-a589-be5264314a1f,0.4100,2026-02-28 19:59:02.835084+00:00
4.00,2026-02-28T19:59:02.137664Z,0.5900,yes,KXKHAMENEIOUT-AKHA-26APR01,6078f11f-74a1-662c-3b7d-5dc73daddee3,0.4100,2026-02-28 19:59:02.137664+00:00
117.00,2026-02-28T19:59:01.894061Z,0.5900,yes,KXKHAMENEIOUT-AKHA-26APR01,49975250-4c11-4d20-c102-86b16b0e5a63,0.4100,2026-02-28 19:59:01.894061+00:00
1242.00,2026-02-28T19:59:01.763016Z,0.6000,no,KXKHAMENEIOUT-AKHA-26APR01,0e3c50f1-1b3e-4534-aac6-0c0ec8c4b8c5,0.4000,2026-02-28 19:59:01.763016+00:00
234.00,2026-02-28T19:59:01.50365Z,0.5900,yes,KXKHAMENEIOUT-AKHA-26APR01,21fc8d94-2ec9-7dec-27b0-d96b2a8189b3,0.4100,2026-02-28 19:59:01.503650+00:00
140.00,2026-02-28T19:59:01.40738Z,0.5900,yes,KXKHAMENEIOUT-AKHA-26APR01,fc77a440-1624-6f9e-216c-691bebfa8957,0.4100,2026-02-28 19:59:01.407380+00:00
94.00,2026-02-28T19:59:01.40738Z,0.5900,yes,KXKHAMENEIOUT-AKHA-26APR01,22c53185-8ecd-6d90-1f73-d1aeec0a485f,0.4100,2026-02-28 19:59:01.407380+00:00
234.00,2026-02-28T19:59:01.030494Z,0.5900,yes,KXKHAMENEIOUT-AKHA-26APR01,bec41db6-8310-7b3a-333d-14ca3e833833,0.4100,2026-02-28 19:59:01.030494+00:00
140.00,2026-02-28T19:59:00.7337Z,0.5900,yes,KXKHAMENEIOUT-AKHA-26APR01,89333928-b0b0-67ee-10fd-1160699e7c0b,0.4100,2026-02-28 19:59:00.733700+00:00
46.00,2026-02-28T19:59:00.488401Z,0.5900,yes,KXKHAMENEIOUT-AKHA-26APR01,6e69f0be-f26c-447e-a79a-54e98471cff7,0.4100,2026-02-28 19:59:00.488401+00:00
46.00,2026-02-28T19:59:00.067901Z,0.5900,yes,KXKHAMENEIOUT-AKHA-26APR01,0a7d793d-3370-466e-3e68-6ba6ea0fd25f,0.4100,2026-02-28 19:59:00.067901+00:00
7.00,2026-02-28T19:59:00.015169Z,0.5900,yes,KXKHAMENEIOUT-AKHA-26APR01,62f2de2b-4f48-526e-96d0-c03e11c97927,0.4100,2026-02-28 19:59:00.015169+00:00
4975.00,2026-02-28T19:58:59.335574Z,0.6000,no,KXKHAMENEIOUT-AKHA-26APR01,b430c14a-3cea-7d5c-81c5-41616b76084d,0.4000,2026-02-28 19:58:59.335574+00:00
25.00,2026-02-28T19:58:59.335574Z,0.6000,no,KXKHAMENEIOUT-AKHA-26APR01,7124a06e-ed11-70cf-a16f-019a59075ee9,0.4000,2026-02-28 19:58:59.335574+00:00
93.00,2026-02-28T19:58:58.244335Z,0.5900,yes,KXKHAMENEIOUT-AKHA-26APR01,f2fd864a-0444-5a06-28fb-26af432e9e2f,0.4100,2026-02-28 19:58:58.244335+00:00
117.00,2026-02-28T19:58:57.846028Z,0.5900,yes,KXKHAMENEIOUT-AKHA-26APR01,57a4067d-4d84-5036-83ad-4d0848ea3557,0.4100,2026-02-28 19:58:57.846028+00:00
35.00,2026-02-28T19:58:56.577122Z,0.5900,yes,KXKHAMENEIOUT-AKHA-26APR01,c630f8d7-2ce8-571e-3faa-0618546208df,0.4100,2026-02-28 19:58:56.577122+00:00
5.00,2026-02-28T19:58:55.244866Z,0.5900,yes,KXKHAMENEIOUT-AKHA-26APR01,7fe0773e-c324-5dfa-251f-cc4e41e5c97f,0.4100,2026-02-28 19:58:55.244866+00:00
58.00,2026-02-28T19:58:55.099135Z,0.5900,yes,KXKHAMENEIOUT-AKHA-26APR01,74a09eff-0f48-77b2-ee7f-c5709184d093,0.4100,2026-02-28 19:58:55.099135+00:00
100.00,2026-02-28T19:58:53.50589Z,0.6000,yes,KXKHAMENEIOUT-AKHA-26APR01,b8df1183-94e1-5e79-76de-931a2436c465,0.4000,2026-02-28 19:58:53.505890+00:00
251.00,2026-02-28T19:58:53.50589Z,0.5900,yes,KXKHAMENEIOUT-AKHA-26APR01,7cc34ab0-ea88-5642-7961-99a416db226b,0.4100,2026-02-28 19:58:53.505890+00:00
4093.00,2026-02-28T19:58:50.925919Z,0.6000,yes,KXKHAMENEIOUT-AKHA-26APR01,fefbb0b4-c50d-6674-e464-a88b5c387a33,0.4000,2026-02-28 19:58:50.925919+00:00
1835.00,2026-02-28T19:58:50.925919Z,0.5900,yes,KXKHAMENEIOUT-AKHA-26APR01,84b5f1af-e9e8-6aaa-d320-e260683c264f,0.4100,2026-02-28 19:58:50.925919+00:00
25.00,2026-02-28T19:58:50.925919Z,0.6000,yes,KXKHAMENEIOUT-AKHA-26APR01,72e0330e-e4e4-6c53-e357-b05ff320b9de,0.4000,2026-02-28 19:58:50.925919+00:00
119.00,2026-02-28T19:58:48.414318Z,0.6000,yes,KXKHAMENEIOUT-AKHA-26APR01,ef8be318-656d-47a4-56cc-5517d21b3eb3,0.4000,2026-02-28 19:58:48.414318+00:00
47.00,2026-02-28T19:58:48.201371Z,0.6000,yes,KXKHAMENEIOUT-AKHA-26APR01,b54d9d04-e539-5d60-5ded-f8c1b0ced2b3,0.4000,2026-02-28 19:58:48.201371+00:00
359.00,2026-02-28T19:58:47.64826Z,0.6000,yes,KXKHAMENEIOUT-AKHA-26APR01,c8b11b25-0081-4ed0-dfd1-7f14f352baf3,0.4000,2026-02-28 19:58:47.648260+00:00
23.00,2026-02-28T19:58:47.537554Z,0.6000,yes,KXKHAMENEIOUT-AKHA-26APR01,a6918cec-2185-568c-3105-b16327a18e7b,0.4000,2026-02-28 19:58:47.537554+00:00
240.00,2026-02-28T19:58:47.049351Z,0.6000,yes,KXKHAMENEIOUT-AKHA-26APR01,59306469-13c6-758c-a896-b7af33553d2c,0.4000,2026-02-28 19:58:47.049351+00:00
359.00,2026-02-28T19:58:47.049351Z,0.6000,yes,KXKHAMENEIOUT-AKHA-26APR01,266b3065-428d-7ec8-910a-44b1c33399ab,0.4000,2026-02-28 19:58:47.049351+00:00
5.00,2026-02-28T19:58:46.469457Z,0.6100,no,KXKHAMENEIOUT-AKHA-26APR01,e469c4d5-1ca2-6979-8417-7f048ce59660,0.3900,2026-02-28 19:58:46.469457+00:00
119.00,2026-02-28T19:58:45.262741Z,0.6000,yes,KXKHAMENEIOUT-AKHA-26APR01,183b1b5e-a8e2-53b4-81ef-c9878f317f68,0.4000,2026-02-28 19:58:45.262741+00:00
1.00,2026-02-28T19:58:45.026096Z,0.6000,yes,KXKHAMENEIOUT-AKHA-26APR01,24203fd3-3d22-6a68-ac69-d906323b77a8,0.4000,2026-02-28 19:58:45.026096+00:00
479.00,2026-02-28T19:58:45.017388Z,0.6000,yes,KXKHAMENEIOUT-AKHA-26APR01,99cd147f-37b6-4f94-ea9b-50f049b9f3bc,0.4000,2026-02-28 19:58:45.017388+00:00
1190.00,2026-02-28T19:58:44.652845Z,0.6000,yes,KXKHAMENEIOUT-AKHA-26APR01,bdf13c60-0dde-6b0c-0928-baa0a4b10394,0.4000,2026-02-28 19:58:44.652845+00:00
599.00,2026-02-28T19:58:44.250681Z,0.6000,yes,KXKHAMENEIOUT-AKHA-26APR01,bd1e3955-bfb6-4924-d2d5-92b01a06c2f8,0.4000,2026-02-28 19:58:44.250681+00:00
119.00,2026-02-28T19:58:43.076317Z,0.6000,yes,KXKHAMENEIOUT-AKHA-26APR01,03bf2f3b-f08a-64e0-f7f7-88f39e79bc98,0.4000,2026-02-28 19:58:43.076317+00:00
119.00,2026-02-28T19:58:42.977739Z,0.6000,yes,KXKHAMENEIOUT-AKHA-26APR01,56fcd288-99a6-4c78-1f8e-1f01b987a074,0.4000,2026-02-28 19:58:42.977739+00:00
239.00,2026-02-28T19:58:42.84349Z,0.6000,yes,KXKHAMENEIOUT-AKHA-26APR01,d54c62d7-0e02-6478-1e58-5ed696c48e7c,0.4000,2026-02-28 19:58:42.843490+00:00
23.00,2026-02-28T19:58:42.343239Z,0.6000,yes,KXKHAMENEIOUT-AKHA-26APR01,e03e59b9-3f56-6558-06d0-a3360106ada8,0.4000,2026-02-28 19:58:42.343239+00:00
259.00,2026-02-28T19:58:42.115796Z,0.6000,yes,KXKHAMENEIOUT-AKHA-26APR01,b87ed641-84fa-6604-85a4-a184670ae3f0,0.4000,2026-02-28 19:58:42.115796+00:00
31.00,2026-02-28T19:58:42.045802Z,0.6000,yes,KXKHAMENEIOUT-AKHA-26APR01,11fb108a-5872-4bc4-1cea-1cbc1a8929e4,0.4000,2026-02-28 19:58:42.045802+00:00
100.00,2026-02-28T19:58:41.85314Z,0.6000,yes,KXKHAMENEIOUT-AKHA-26APR01,df881c7e-ddce-6300-60d3-ab59553855a0,0.4000,2026-02-28 19:58:41.853140+00:00
171.00,2026-02-28T19:58:40.490301Z,0.6000,yes,KXKHAMENEIOUT-AKHA-26APR01,5bbb5e20-7dd2-5414-4669-f20cf6c6ded0,0.4000,2026-02-28 19:58:40.490301+00:00
1286.00,2026-02-28T19:58:40.244985Z,0.6000,yes,KXKHAMENEIOUT-AKHA-26APR01,8afb5728-4d82-6cc0-c64d-58da63ee7638,0.4000,2026-02-28 19:58:40.244985+00:00
25.00,2026-02-28T19:58:39.879648Z,0.6000,no,KXKHAMENEIOUT-AKHA-26APR01,706975c0-69fe-620e-c452-dbbcc299b6dd,0.4000,2026-02-28 19:58:39.879648+00:00
2000.00,2026-02-28T19:58:39.404726Z,0.5900,yes,KXKHAMENEIOUT-AKHA-26APR01,26c386ee-7938-4592-e43a-62823fc238ab,0.4100,2026-02-28 19:58:39.404726+00:00
468.00,2026-02-28T19:58:39.217222Z,0.5900,yes,KXKHAMENEIOUT-AKHA-26APR01,c710cd02-4578-6b02-d5f4-978d0e4aa3af,0.4100,2026-02-28 19:58:39.217222+00:00
2500.00,2026-02-28T19:58:39.103062Z,0.5900,yes,KXKHAMENEIOUT-AKHA-26APR01,bbce1591-e13c-5656-7960-e65bc2101273,0.4100,2026-02-28 19:58:39.103062+00:00
50.00,2026-02-28T19:58:38.780944Z,0.5900,yes,KXKHAMENEIOUT-AKHA-26APR01,071e21cb-d9c0-7156-8251-8a6a761bcd37,0.4100,2026-02-28 19:58:38.780944+00:00
117.00,2026-02-28T19:58:37.363912Z,0.5900,yes,KXKHAMENEIOUT-AKHA-26APR01,945691a5-75c0-68ee-6051-a1d6767f5c9f,0.4100,2026-02-28 19:58:37.363912+00:00
189.00,2026-02-28T19:58:36.443594Z,0.5900,yes,KXKHAMENEIOUT-AKHA-26APR01,b9a8e096-ab80-5d0a-9c89-5154d49542df,0.4100,2026-02-28 19:58:36.443594+00:00
75.00,2026-02-28T19:58:36.227907Z,0.6100,no,KXKHAMENEIOUT-AKHA-26APR01,bd915874-bd8a-61b5-1aee-96c52a8fef4c,0.3900,2026-02-28 19:58:36.227907+00:00
25.00,2026-02-28T19:58:36.227907Z,0.6000,no,KXKHAMENEIOUT-AKHA-26APR01,6f0f2652-8a5d-64ce-060d-7105e70f739f,0.4000,2026-02-28 19:58:36.227907+00:00
234.00,2026-02-28T19:58:33.591907Z,0.5900,yes,KXKHAMENEIOUT-AKHA-26APR01,d3f7d0cd-0a54-53c6-c828-fa4edc5e0c2b,0.4100,2026-02-28 19:58:33.591907+00:00
2000.00,2026-02-28T19:58:31.992027Z,0.5900,yes,KXKHAMENEIOUT-AKHA-26APR01,018ab910-ac0c-782e-3418-61dabba15333,0.4100,2026-02-28 19:58:31.992027+00:00
117.00,2026-02-28T19:58:31.593231Z,0.5900,yes,KXKHAMENEIOUT-AKHA-26APR01,8c368839-d60c-557e-3904-902f79de9be3,0.4100,2026-02-28 19:58:31.593231+00:00
234.00,2026-02-28T19:58:31.442049Z,0.5900,yes,KXKHAMENEIOUT-AKHA-26APR01,736ee969-e328-63b2-6ae5-9eedffac91cf,0.4100,2026-02-28 19:58:31.442049+00:00
585.00,2026-02-28T19:58:31.182638Z,0.5900,yes,KXKHAMENEIOUT-AKHA-26APR01,eafccbd5-1e4c-6616-baed-caaa0e62157f,0.4100,2026-02-28 19:58:31.182638+00:00
58.00,2026-02-28T19:58:29.89148Z,0.5900,yes,KXKHAMENEIOUT-AKHA-26APR01,8be6d3ac-04c8-637e-033a-a7f7eef56993,0.4100,2026-02-28 19:58:29.891480+00:00
20.00,2026-02-28T19:58:27.540754Z,0.5900,yes,KXKHAMENEIOUT-AKHA-26APR01,81bf978d-e140-76da-d38f-64a213438283,0.4100,2026-02-28 19:58:27.540754+00:00
2.00,2026-02-28T19:58:26.836531Z,0.5900,yes,KXKHAMENEIOUT-AKHA-26APR01,60ea310c-0e94-65ae-8b96-8aeed66ea64f,0.4100,2026-02-28 19:58:26.836531+00:00
351.00,2026-02-28T19:58:26.08494Z,0.5900,yes,KXKHAMENEIOUT-AKHA-26APR01,5a3bf120-c55c-7582-9eaa-c8a5f05e0b9f,0.4100,2026-02-28 19:58:26.084940+00:00
42.00,2026-02-28T19:58:25.99066Z,0.5900,yes,KXKHAMENEIOUT-AKHA-26APR01,b0970c97-10ec-6a96-c456-456122f2c70b,0.4100,2026-02-28 19:58:25.990660+00:00
25.00,2026-02-28T19:58:25.99066Z,0.6000,yes,KXKHAMENEIOUT-AKHA-26APR01,4f3aceb6-03b9-63b5-e000-26aeebe39421,0.4000,2026-02-28 19:58:25.990660+00:00
18.00,2026-02-28T19:58:25.881489Z,0.5900,yes,KXKHAMENEIOUT-AKHA-26APR01,14386b53-af88-636a-4816-7b64fdd0ca7b,0.4100,2026-02-28 19:58:25.881489+00:00
46.00,2026-02-28T19:58:25.058279Z,0.5900,yes,KXKHAMENEIOUT-AKHA-26APR01,ee294c20-fd70-697e-2e2e-33d00d15835b,0.4100,2026-02-28 19:58:25.058279+00:00
100.00,2026-02-28T19:58:24.299359Z,0.5900,yes,KXKHAMENEIOUT-AKHA-26APR01,ba484b5e-e2ec-765e-a28a-9759bc0b3d23,0.4100,2026-02-28 19:58:24.299359+00:00
25.00,2026-02-28T19:58:24.286303Z,0.6000,yes,KXKHAMENEIOUT-AKHA-26APR01,9697f5b5-5354-46af-e4e1-3b2f79c28935,0.4000,2026-02-28 19:58:24.286303+00:00
1848.00,2026-02-28T19:58:24.286303Z,0.5900,yes,KXKHAMENEIOUT-AKHA-26APR01,7c9609f3-0b40-4536-f6ba-734d50a1413b,0.4100,2026-02-28 19:58:24.286303+00:00
2521.00,2026-02-28T19:58:24.278258Z,0.6100,no,KXKHAMENEIOUT-AKHA-26APR01,026daefc-1236-72dd-49a0-f0a188a61fa4,0.3900,2026-02-28 19:58:24.278258+00:00
1171.00,2026-02-28T19:58:22.199737Z,0.5900,yes,KXKHAMENEIOUT-AKHA-26APR01,2f08e994-2680-6fd2-dab7-d7fd8562bc1f,0.4100,2026-02-28 19:58:22.199737+00:00
50.00,2026-02-28T19:58:21.544668Z,0.5900,yes,KXKHAMENEIOUT-AKHA-26APR01,c120e495-6e9c-6716-4ca8-6fd25481a467,0.4100,2026-02-28 19:58:21.544668+00:00
28.00,2026-02-28T19:58:19.829483Z,0.5900,yes,KXKHAMENEIOUT-AKHA-26APR01,2fe3488c-0a68-7122-5cdd-67354782676f,0.4100,2026-02-28 19:58:19.829483+00:00
1171.00,2026-02-28T19:58:19.332185Z,0.5900,yes,KXKHAMENEIOUT-AKHA-26APR01,f004708c-31e4-4a26-d9f5-8eae468faf87,0.4100,2026-02-28 19:58:19.332185+00:00
2.00,2026-02-28T19:58:19.324434Z,0.5900,yes,KXKHAMENEIOUT-AKHA-26APR01,084a93cc-f7d4-77e6-c202-3af8b39b59c7,0.4100,2026-02-28 19:58:19.324434+00:00
1000.00,2026-02-28T19:58:18.92085Z,0.6000,no,KXKHAMENEIOUT-AKHA-26APR01,e3efed19-38b6-59b3-9b8e-c945d447866d,0.4000,2026-02-28 19:58:18.920850+00:00
25.00,2026-02-28T19:58:18.92085Z,0.6000,no,KXKHAMENEIOUT-AKHA-26APR01,97b8e496-bb3d-50ca-b1ec-b052bb292953,0.4000,2026-02-28 19:58:18.920850+00:00
284.00,2026-02-28T19:58:18.92085Z,0.6000,no,KXKHAMENEIOUT-AKHA-26APR01,85947ab3-c061-5f57-9f58-9d0faf7d7c8e,0.4000,2026-02-28 19:58:18.920850+00:00
4516.00,2026-02-28T19:58:18.92085Z,0.6100,no,KXKHAMENEIOUT-AKHA-26APR01,5bbdb050-9e46-516d-b03e-0cc430902624,0.3900,2026-02-28 19:58:18.920850+00:00
25.00,2026-02-28T19:58:18.92085Z,0.6000,no,KXKHAMENEIOUT-AKHA-26APR01,4e72609f-79bf-54b5-b1c9-0074489bf3db,0.4000,2026-02-28 19:58:18.920850+00:00
150.00,2026-02-28T19:58:18.92085Z,0.6000,no,KXKHAMENEIOUT-AKHA-26APR01,29d400e7-3d13-57ab-b03e-26aeba3f5f0c,0.4000,2026-02-28 19:58:18.920850+00:00
234.00,2026-02-28T19:58:18.575367Z,0.5900,yes,KXKHAMENEIOUT-AKHA-26APR01,e5eab63d-ab50-51be-d94f-1bb5482cb007,0.4100,2026-02-28 19:58:18.575367+00:00
58.00,2026-02-28T19:58:18.121477Z,0.5900,yes,KXKHAMENEIOUT-AKHA-26APR01,8a78b65a-8ae4-40ea-d3f5-aaf33f9b6257,0.4100,2026-02-28 19:58:18.121477+00:00
1171.00,2026-02-28T19:58:17.917068Z,0.5900,yes,KXKHAMENEIOUT-AKHA-26APR01,71512c53-9f78-4956-9c07-1344fb40cdef,0.4100,2026-02-28 19:58:17.917068+00:00
30.00,2026-02-28T19:58:16.642638Z,0.6000,no,KXKHAMENEIOUT-AKHA-26APR01,75554860-d849-4597-5cf1-9301961a4706,0.4000,2026-02-28 19:58:16.642638+00:00
1873.00,2026-02-28T19:58:16.581909Z,0.5900,yes,KXKHAMENEIOUT-AKHA-26APR01,1b0c86d2-b6a8-510e-8fce-542c81f3bb83,0.4100,2026-02-28 19:58:16.581909+00:00
58.00,2026-02-28T19:58:16.127208Z,0.5900,yes,KXKHAMENEIOUT-AKHA-26APR01,4a2593d8-d110-77be-c0d2-21ea684e708b,0.4100,2026-02-28 19:58:16.127208+00:00
45.00,2026-02-28T19:58:14.405675Z,0.5900,yes,KXKHAMENEIOUT-AKHA-26APR01,058ad5cd-bb44-7a5e-5829-78dc86e00a8b,0.4100,2026-02-28 19:58:14.405675+00:00
9.00,2026-02-28T19:58:14.322708Z,0.5900,yes,KXKHAMENEIOUT-AKHA-26APR01,a682fb1d-b288-622e-e300-3e3bdc6f3223,0.4100,2026-02-28 19:58:14.322708+00:00
117.00,2026-02-28T19:58:14.29104Z,0.5900,yes,KXKHAMENEIOUT-AKHA-26APR01,d9dcc985-3c9c-626a-be5e-0869d55f9e97,0.4100,2026-02-28 19:58:14.291040+00:00
67.00,2026-02-28T19:58:13.21677Z,0.6000,no,KXKHAMENEIOUT-AKHA-26APR01,ab4f61e2-1f89-7af3-59bc-d677bece6a46,0.4000,2026-02-28 19:58:13.216770+00:00
23.00,2026-02-28T19:58:12.166852Z,0.5900,yes,KXKHAMENEIOUT-AKHA-26APR01,60172f5c-2868-70ae-f30d-043584f87ea3,0.4100,2026-02-28 19:58:12.166852+00:00
4.00,2026-02-28T19:58:11.978668Z,0.5900,yes,KXKHAMENEIOUT-AKHA-26APR01,9a246278-3120-6c02-773b-c4c4171fde57,0.4100,2026-02-28 19:58:11.978668+00:00
17389.00,2026-02-28T19:58:11.418997Z,0.6000,yes,KXKHAMENEIOUT-AKHA-26APR01,f8ba247f-b3b1-5cb1-5475-b437c5ac012c,0.4000,2026-02-28 19:58:11.418997+00:00
30000.00,2026-02-28T19:58:11.418997Z,0.6000,yes,KXKHAMENEIOUT-AKHA-26APR01,f3164c33-c605-5c46-5532-69ea2187ab57,0.4000,2026-02-28 19:58:11.418997+00:00
5000.00,2026-02-28T19:58:11.418997Z,0.6000,yes,KXKHAMENEIOUT-AKHA-26APR01,c706a50c-1d38-545d-5f37-25f1c4cf47e9,0.4000,2026-02-28 19:58:11.418997+00:00
25000.00,2026-02-28T19:58:11.418997Z,0.6000,yes,KXKHAMENEIOUT-AKHA-26APR01,c064ecf4-1efa-5cb2-7e9a-594afc1fcd10,0.4000,2026-02-28 19:58:11.418997+00:00
100.00,2026-02-28T19:58:11.418997Z,0.6000,yes,KXKHAMENEIOUT-AKHA-26APR01,a4ef7041-015f-5c61-490c-2bb6f91deccd,0.4000,2026-02-28 19:58:11.418997+00:00
250.00,2026-02-28T19:58:11.418997Z,0.6000,yes,KXKHAMENEIOUT-AKHA-26APR01,7b5e548a-242f-55d6-71e3-1540db26c2f1,0.4000,2026-02-28 19:58:11.418997+00:00
2000.00,2026-02-28T19:58:11.418997Z,0.6000,yes,KXKHAMENEIOUT-AKHA-26APR01,7088066b-58e5-59cc-5b82-894f081e4d98,0.4000,2026-02-28 19:58:11.418997+00:00
30.00,2026-02-28T19:58:11.418997Z,0.6000,yes,KXKHAMENEIOUT-AKHA-26APR01,30ed27c5-40d8-541a-53e6-9d117a873e50,0.4000,2026-02-28 19:58:11.418997+00:00
17753.00,2026-02-28T19:58:11.418997Z,0.6000,yes,KXKHAMENEIOUT-AKHA-26APR01,2ab19132-bd07-5adf-4e5a-b22672e5ad80,0.4000,2026-02-28 19:58:11.418997+00:00
250.00,2026-02-28T19:58:11.418997Z,0.6000,yes,KXKHAMENEIOUT-AKHA-26APR01,0a21c4d6-4984-5865-7e8d-e3aabf4ae3d5,0.4000,2026-02-28 19:58:11.418997+00:00
23.00,2026-02-28T19:58:10.594726Z,0.6000,yes,KXKHAMENEIOUT-AKHA-26APR01,7cc8e620-4e99-79c1-04f9-51b7d6a33060,0.4000,2026-02-28 19:58:10.594726+00:00
239.00,2026-02-28T19:58:10.088576Z,0.6000,yes,KXKHAMENEIOUT-AKHA-26APR01,3d429b57-2f71-5695-cdfb-8e801a8f71f4,0.4000,2026-02-28 19:58:10.088576+00:00
119.00,2026-02-28T19:58:09.829523Z,0.6000,yes,KXKHAMENEIOUT-AKHA-26APR01,aa38e1b9-0f81-769d-91b2-65bcf738b250,0.4000,2026-02-28 19:58:09.829523+00:00
4.00,2026-02-28T19:58:07.936772Z,0.6000,yes,KXKHAMENEIOUT-AKHA-26APR01,3df7803b-2bdd-68c1-8a02-d4d9eb5a6bf8,0.4000,2026-02-28 19:58:07.936772+00:00
59.00,2026-02-28T19:58:07.830846Z,0.6000,yes,KXKHAMENEIOUT-AKHA-26APR01,8a663afc-1da1-72c5-0a6d-70e65389de64,0.4000,2026-02-28 19:58:07.830846+00:00
47.00,2026-02-28T19:58:07.769254Z,0.6000,yes,KXKHAMENEIOUT-AKHA-26APR01,8d487adf-00d9-592d-e06f-c3a05d282c98,0.4000,2026-02-28 19:58:07.769254+00:00
71.00,2026-02-28T19:58:07.279484Z,0.6000,yes,KXKHAMENEIOUT-AKHA-26APR01,fc22a2d4-3f09-5e51-8dcf-feadcd94e7d4,0.4000,2026-02-28 19:58:07.279484+00:00
321.00,2026-02-28T19:58:06.354959Z,0.6000,yes,KXKHAMENEIOUT-AKHA-26APR01,8722d09e-901d-77dd-89d7-bc41a70e21f4,0.4000,2026-02-28 19:58:06.354959+00:00
11.00,2026-02-28T19:58:06.310655Z,0.6000,yes,KXKHAMENEIOUT-AKHA-26APR01,fa05f192-84cd-645d-2c43-b558144f40d4,0.4000,2026-02-28 19:58:06.310655+00:00
11.00,2026-02-28T19:58:06.276895Z,0.6000,yes,KXKHAMENEIOUT-AKHA-26APR01,aeaee97f-c919-4f0d-d0c0-ba53a25f2a48,0.4000,2026-02-28 19:58:06.276895+00:00
116.00,2026-02-28T19:58:04.541302Z,0.6000,yes,KXKHAMENEIOUT-AKHA-26APR01,68efa521-6085-78fd-ce7a-716d07c9bcf8,0.4000,2026-02-28 19:58:04.541302+00:00
83.00,2026-02-28T19:58:04.410016Z,0.6000,yes,KXKHAMENEIOUT-AKHA-26APR01,21fe18ca-2ca5-4181-25c2-693a8d65a840,0.4000,2026-02-28 19:58:04.410016+00:00
53.00,2026-02-28T19:58:02.895528Z,0.6000,yes,KXKHAMENEIOUT-AKHA-26APR01,a858e9d6-c691-6add-4ef2-9a5035d14ba8,0.4000,2026-02-28 19:58:02.895528+00:00
21.00,2026-02-28T19:58:02.334397Z,0.6000,yes,KXKHAMENEIOUT-AKHA-26APR01,59e9995c-b6fd-7a79-1df0-4732135c5da4,0.4000,2026-02-28 19:58:02.334397+00:00
239.00,2026-02-28T19:58:02.132522Z,0.6000,yes,KXKHAMENEIOUT-AKHA-26APR01,5db4da6e-bad1-7009-5398-1036a374a6dc,0.4000,2026-02-28 19:58:02.132522+00:00
1.00,2026-02-28T19:58:01.590102Z,0.6000,yes,KXKHAMENEIOUT-AKHA-26APR01,c82ce263-1271-753d-a2a0-903f9c105fbc,0.4000,2026-02-28 19:58:01.590102+00:00
9.00,2026-02-28T19:58:00.812132Z,0.6000,yes,KXKHAMENEIOUT-AKHA-26APR01,8a3854f4-6061-4dad-e690-9feda5861754,0.4000,2026-02-28 19:58:00.812132+00:00
83.00,2026-02-28T19:58:00.497939Z,0.6000,yes,KXKHAMENEIOUT-AKHA-26APR01,afeb07af-db35-7865-9b1f-7707990ddf08,0.4000,2026-02-28 19:58:00.497939+00:00
238.00,2026-02-28T19:58:00.271766Z,0.6000,yes,KXKHAMENEIOUT-AKHA-26APR01,c0a4ee82-e789-4f8d-5185-109666121674,0.4000,2026-02-28 19:58:00.271766+00:00
11.00,2026-02-28T19:57:58.917832Z,0.6000,yes,KXKHAMENEIOUT-AKHA-26APR01,c9ce8d6c-b415-75a1-17f4-c4e3f82d84dc,0.4000,2026-02-28 19:57:58.917832+00:00
359.00,2026-02-28T19:57:58.868633Z,0.6000,yes,KXKHAMENEIOUT-AKHA-26APR01,ee2a7fec-820d-5b7d-6b75-dd6ff9be0ae4,0.4000,2026-02-28 19:57:58.868633+00:00
23.00,2026-02-28T19:57:58.741346Z,0.6000,yes,KXKHAMENEIOUT-AKHA-26APR01,f6bef9ea-e9d5-5e95-ed14-488704e0cd60,0.4000,2026-02-28 19:57:58.741346+00:00
20.00,2026-02-28T19:57:58.009259Z,0.6000,yes,KXKHAMENEIOUT-AKHA-26APR01,6dd99730-0e25-5eed-2db6-e790b232c0f0,0.4000,2026-02-28 19:57:58.009259+00:00
239.00,2026-02-28T19:57:57.65632Z,0.6000,yes,KXKHAMENEIOUT-AKHA-26APR01,c6b8f6ac-43c5-5ac9-a27f-c1b387d79ec4,0.4000,2026-02-28 19:57:57.656320+00:00
12.00,2026-02-28T19:57:56.199543Z,0.6000,yes,KXKHAMENEIOUT-AKHA-26APR01,4396724f-4349-5f2d-6153-79eda99980b0,0.4000,2026-02-28 19:57:56.199543+00:00
4798.00,2026-02-28T19:57:55.767243Z,0.6000,yes,KXKHAMENEIOUT-AKHA-26APR01,870b92a9-3895-47dd-c82e-5c59751b5868,0.4000,2026-02-28 19:57:55.767243+00:00
26.00,2026-02-28T19:57:55.55353Z,0.6000,yes,KXKHAMENEIOUT-AKHA-26APR01,35011cef-0d49-4d39-fa8b-ace8e827d59c,0.4000,2026-02-28 19:57:55.553530+00:00
240.00,2026-02-28T19:57:54.279718Z,0.6000,yes,KXKHAMENEIOUT-AKHA-26APR01,943b1318-c08d-79e1-1ac6-6b1cce23ad40,0.4000,2026-02-28 19:57:54.279718+00:00
4.00,2026-02-28T19:57:53.728472Z,0.6000,yes,KXKHAMENEIOUT-AKHA-26APR01,e9ef8520-34d9-5e1d-e58a-1517796a9e64,0.4000,2026-02-28 19:57:53.728472+00:00
23.00,2026-02-28T19:57:52.983624Z,0.6000,yes,KXKHAMENEIOUT-AKHA-26APR01,060821b2-c859-4c5d-6dc4-8884969b4d60,0.4000,2026-02-28 19:57:52.983624+00:00
59.00,2026-02-28T19:57:51.590394Z,0.6000,yes,KXKHAMENEIOUT-AKHA-26APR01,6d74dfb5-7941-4679-77ce-d027bbcf35f8,0.4000,2026-02-28 19:57:51.590394+00:00
719.00,2026-02-28T19:57:51.517059Z,0.6000,yes,KXKHAMENEIOUT-AKHA-26APR01,012371f7-1511-43d1-a0bf-66900849093c,0.4000,2026-02-28 19:57:51.517059+00:00
59.00,2026-02-28T19:57:50.564329Z,0.6000,yes,KXKHAMENEIOUT-AKHA-26APR01,35ce4358-9b2d-62f5-bbe7-4ff88e9277cc,0.4000,2026-02-28 19:57:50.564329+00:00
23.00,2026-02-28T19:57:49.922182Z,0.6000,yes,KXKHAMENEIOUT-AKHA-26APR01,16a135ba-3949-487d-6bd5-8d849898625c,0.4000,2026-02-28 19:57:49.922182+00:00
47.00,2026-02-28T19:57:49.641188Z,0.6000,yes,KXKHAMENEIOUT-AKHA-26APR01,22474d13-6fbd-4dc9-3889-eaa01791084c,0.4000,2026-02-28 19:57:49.641188+00:00
59.00,2026-02-28T19:57:49.382706Z,0.6000,yes,KXKHAMENEIOUT-AKHA-26APR01,d62d6411-4aa9-452d-d533-60416abdb2b0,0.4000,2026-02-28 19:57:49.382706+00:00
107.00,2026-02-28T19:57:47.67227Z,0.6000,yes,KXKHAMENEIOUT-AKHA-26APR01,8e687273-c949-4bc9-e7f0-296b42605cb8,0.4000,2026-02-28 19:57:47.672270+00:00
25.00,2026-02-28T19:57:47.191145Z,0.6100,no,KXKHAMENEIOUT-AKHA-26APR01,12ce1477-eb8e-5bb5-1eec-76f367ff21f0,0.3900,2026-02-28 19:57:47.191145+00:00
35.00,2026-02-28T19:57:46.514358Z,0.6000,yes,KXKHAMENEIOUT-AKHA-26APR01,6da5ee6d-75ad-40b1-42ad-f88ec5612e50,0.4000,2026-02-28 19:57:46.514358+00:00
35.00,2026-02-28T19:57:45.590342Z,0.6000,yes,KXKHAMENEIOUT-AKHA-26APR01,9835c2c1-636d-7531-687a-a80c5b1a07cc,0.4000,2026-02-28 19:57:45.590342+00:00
1.00,2026-02-28T19:57:44.974788Z,0.6000,yes,KXKHAMENEIOUT-AKHA-26APR01,0f530f6d-abb9-454d-317f-b8ab6b70a49c,0.4000,2026-02-28 19:57:44.974788+00:00
11.00,2026-02-28T19:57:44.517524Z,0.6000,yes,KXKHAMENEIOUT-AKHA-26APR01,d8fa3c32-9099-6579-8757-e595b321e4a4,0.4000,2026-02-28 19:57:44.517524+00:00
599.00,2026-02-28T19:57:43.72819Z,0.6000,yes,KXKHAMENEIOUT-AKHA-26APR01,8f3fc7e6-fd79-6b6d-0ab0-adb70012cf24,0.4000,2026-02-28 19:57:43.728190+00:00
10.00,2026-02-28T19:57:42.988353Z,0.6000,yes,KXKHAMENEIOUT-AKHA-26APR01,b9b4c4ee-c32d-6e31-c552-accf9333adc8,0.4000,2026-02-28 19:57:42.988353+00:00
83.00,2026-02-28T19:57:42.635359Z,0.6000,yes,KXKHAMENEIOUT-AKHA-26APR01,5bf7867e-8bdd-61e9-19b3-36e9624d4d14,0.4000,2026-02-28 19:57:42.635359+00:00
23.00,2026-02-28T19:57:42.094459Z,0.6000,yes,KXKHAMENEIOUT-AKHA-26APR01,7baec61f-c3d5-5c2d-562e-2818e8a2bb94,0.4000,2026-02-28 19:57:42.094459+00:00
479.00,2026-02-28T19:57:41.832868Z,0.6000,yes,KXKHAMENEIOUT-AKHA-26APR01,14b0019b-0455-65a9-b390-257fcfb434fc,0.4000,2026-02-28 19:57:41.832868+00:00
479.00,2026-02-28T19:57:41.556236Z,0.6000,yes,KXKHAMENEIOUT-AKHA-26APR01,79357157-c29d-7531-edfa-2418054ec080,0.4000,2026-02-28 19:57:41.556236+00:00
10.00,2026-02-28T19:57:40.326757Z,0.6000,yes,KXKHAMENEIOUT-AKHA-26APR01,5a9644dd-3571-7805-3c0d-41c67e02b1fc,0.4000,2026-02-28 19:57:40.326757+00:00
119.00,2026-02-28T19:57:39.881869Z,0.6000,yes,KXKHAMENEIOUT-AKHA-26APR01,bad368e4-e93d-6431-f163-eed4d666c3ac,0.4000,2026-02-28 19:57:39.881869+00:00
239.00,2026-02-28T19:57:39.86107Z,0.6000,yes,KXKHAMENEIOUT-AKHA-26APR01,ef73fbb9-0605-7749-d1a1-efdfd506d248,0.4000,2026-02-28 19:57:39.861070+00:00
50.00,2026-02-28T19:57:39.803904Z,0.6100,no,KXKHAMENEIOUT-AKHA-26APR01,a9de095a-7cf6-4119-8911-e060e017e460,0.3900,2026-02-28 19:57:39.803904+00:00
47.00,2026-02-28T19:57:38.787681Z,0.6000,yes,KXKHAMENEIOUT-AKHA-26APR01,e18c7405-7139-5ea5-eb91-b15e42c6c028,0.4000,2026-02-28 19:57:38.787681+00:00
47.00,2026-02-28T19:57:37.601983Z,0.6000,yes,KXKHAMENEIOUT-AKHA-26APR01,dbf17f05-c039-6fcd-689b-7be185a61300,0.4000,2026-02-28 19:57:37.601983+00:00
47.00,2026-02-28T19:57:36.384632Z,0.6000,yes,KXKHAMENEIOUT-AKHA-26APR01,8f1c6357-df0d-6ed5-07ff-01c1db010300,0.4000,2026-02-28 19:57:36.384632+00:00
59.00,2026-02-28T19:57:36.191435Z,0.6000,yes,KXKHAMENEIOUT-AKHA-26APR01,06e8e827-43a5-528d-5111-ac63cc52ff78,0.4000,2026-02-28 19:57:36.191435+00:00
7197.00,2026-02-28T19:57:35.578037Z,0.6000,yes,KXKHAMENEIOUT-AKHA-26APR01,40b4978c-f1fd-7aa9-58e9-38a6461181fc,0.4000,2026-02-28 19:57:35.578037+00:00
16.00,2026-02-28T19:57:35.233376Z,0.6100,no,KXKHAMENEIOUT-AKHA-26APR01,e365ef65-0e32-5225-b5f5-4f57af236654,0.3900,2026-02-28 19:57:35.233376+00:00
239.00,2026-02-28T19:57:35.185732Z,0.6000,yes,KXKHAMENEIOUT-AKHA-26APR01,d8e9505c-4149-5069-18ac-36382ae913a8,0.4000,2026-02-28 19:57:35.185732+00:00
11.00,2026-02-28T19:57:34.542558Z,0.6000,yes,KXKHAMENEIOUT-AKHA-26APR01,2e1dbe3f-85b9-6c39-c54c-15ecf0bfa4b4,0.4000,2026-02-28 19:57:34.542558+00:00
23.00,2026-02-28T19:57:33.728185Z,0.6000,yes,KXKHAMENEIOUT-AKHA-26APR01,9443cc79-dca1-63fd-5a57-2af3b780ff64,0.4000,2026-02-28 19:57:33.728185+00:00
719.00,2026-02-28T19:57:33.716205Z,0.6000,yes,KXKHAMENEIOUT-AKHA-26APR01,fcec6d64-d9a9-66b9-2ab9-51f38d199f7c,0.4000,2026-02-28 19:57:33.716205+00:00
359.00,2026-02-28T19:57:33.605393Z,0.6000,yes,KXKHAMENEIOUT-AKHA-26APR01,016e79c1-bc9d-5345-fbc4-d46615cd2db0,0.4000,2026-02-28 19:57:33.605393+00:00
19.00,2026-02-28T19:57:33.126856Z,0.6000,yes,KXKHAMENEIOUT-AKHA-26APR01,af42b041-2251-5c39-ac94-e2df36fd295c,0.4000,2026-02-28 19:57:33.126856+00:00
4.00,2026-02-28T19:57:31.888404Z,0.6000,yes,KXKHAMENEIOUT-AKHA-26APR01,981c06a1-505d-5db1-95a0-b22babdf4168,0.4000,2026-02-28 19:57:31.888404+00:00
10000.00,2026-02-28T19:57:31.250914Z,0.6000,yes,KXKHAMENEIOUT-AKHA-26APR01,35dba479-4051-68f5-69b5-91a8dae997e8,0.4000,2026-02-28 19:57:31.250914+00:00
1199.00,2026-02-28T19:57:30.279939Z,0.6000,yes,KXKHAMENEIOUT-AKHA-26APR01,a124981f-fb41-7e51-b5ff-60c3607206d4,0.4000,2026-02-28 19:57:30.279939+00:00
23.00,2026-02-28T19:57:29.944427Z,0.6000,yes,KXKHAMENEIOUT-AKHA-26APR01,27de7bcd-99ad-4245-d66c-29f51348e2ac,0.4000,2026-02-28 19:57:29.944427+00:00
599.00,2026-02-28T19:57:29.378443Z,0.6000,yes,KXKHAMENEIOUT-AKHA-26APR01,4817d4dd-e58d-71b9-572b-8ab1b0d31ccc,0.4000,2026-02-28 19:57:29.378443+00:00
23.00,2026-02-28T19:57:28.740489Z,0.6000,yes,KXKHAMENEIOUT-AKHA-26APR01,c4c6677b-fbb5-5021-5d4b-cccc6353684c,0.4000,2026-02-28 19:57:28.740489+00:00
239.00,2026-02-28T19:57:28.647352Z,0.6000,yes,KXKHAMENEIOUT-AKHA-26APR01,affee700-da65-7171-28df-26796faca074,0.4000,2026-02-28 19:57:28.647352+00:00
11.00,2026-02-28T19:57:28.229239Z,0.6000,yes,KXKHAMENEIOUT-AKHA-26APR01,595f19b6-8fcd-50cd-a7cd-989b5f271fd4,0.4000,2026-02-28 19:57:28.229239+00:00
20.00,2026-02-28T19:57:28.221957Z,0.6000,yes,KXKHAMENEIOUT-AKHA-26APR01,89119611-3b75-5c3d-d988-7f7c50352e5c,0.4000,2026-02-28 19:57:28.221957+00:00
35.00,2026-02-28T19:57:28.196923Z,0.6000,yes,KXKHAMENEIOUT-AKHA-26APR01,a7221039-a6f9-4215-a677-92c016486150,0.4000,2026-02-28 19:57:28.196923+00:00
95.00,2026-02-28T19:57:27.923225Z,0.6000,yes,KXKHAMENEIOUT-AKHA-26APR01,b3230437-eb79-7371-3afe-48a39de01808,0.4000,2026-02-28 19:57:27.923225+00:00
90.00,2026-02-28T19:57:27.729069Z,0.6000,yes,KXKHAMENEIOUT-AKHA-26APR01,fdd9569e-c955-7f99-9373-10d2eee9def0,0.4000,2026-02-28 19:57:27.729069+00:00
23.00,2026-02-28T19:57:27.190834Z,0.6000,yes,KXKHAMENEIOUT-AKHA-26APR01,c3596feb-4d41-5c59-25ad-d7c0de9b90d8,0.4000,2026-02-28 19:57:27.190834+00:00
1960.00,2026-02-28T19:57:26.903226Z,0.6000,yes,KXKHAMENEIOUT-AKHA-26APR01,ac44d2fc-a725-6c15-5909-1871d897bff8,0.4000,2026-02-28 19:57:26.903226+00:00
47.00,2026-02-28T19:57:26.770067Z,0.6000,yes,KXKHAMENEIOUT-AKHA-26APR01,96aa4f49-3115-6aa5-13ad-c1b0afb8d140,0.4000,2026-02-28 19:57:26.770067+00:00
1564.00,2026-02-28T19:57:25.094911Z,0.6000,yes,KXKHAMENEIOUT-AKHA-26APR01,09d26bd5-55cd-40f1-be9e-aefa5727c044,0.4000,2026-02-28 19:57:25.094911+00:00
239.00,2026-02-28T19:57:23.15145Z,0.6000,yes,KXKHAMENEIOUT-AKHA-26APR01,c03f614a-9c4d-4d31-6c92-5712a7c88a74,0.4000,2026-02-28 19:57:23.151450+00:00
119.00,2026-02-28T19:57:23.025408Z,0.6000,yes,KXKHAMENEIOUT-AKHA-26APR01,f9999fed-b081-4ea9-a399-22ad20ff5060,0.4000,2026-02-28 19:57:23.025408+00:00
59.00,2026-02-28T19:57:22.470862Z,0.6000,yes,KXKHAMENEIOUT-AKHA-26APR01,ad03b45f-d1ed-420d-f1ad-242ad34404d4,0.4000,2026-02-28 19:57:22.470862+00:00
239.00,2026-02-28T19:57:22.069115Z,0.6000,yes,KXKHAMENEIOUT-AKHA-26APR01,6d08b0a0-afd1-77b9-e7e8-ef6f92a21754,0.4000,2026-02-28 19:57:22.069115+00:00
11.00,2026-02-28T19:57:21.552751Z,0.6000,yes,KXKHAMENEIOUT-AKHA-26APR01,6d80fee6-83e5-49d1-ce73-18170a67c16c,0.4000,2026-02-28 19:57:21.552751+00:00
60.00,2026-02-28T19:57:20.867935Z,0.6000,yes,KXKHAMENEIOUT-AKHA-26APR01,09536f0f-ba09-542d-7446-8a3d54b82898,0.4000,2026-02-28 19:57:20.867935+00:00
359.00,2026-02-28T19:57:20.384019Z,0.6000,yes,KXKHAMENEIOUT-AKHA-26APR01,81d31761-d479-5fc5-ad44-d0ca3ec40df0,0.4000,2026-02-28 19:57:20.384019+00:00
11.00,2026-02-28T19:57:19.135606Z,0.6000,yes,KXKHAMENEIOUT-AKHA-26APR01,aa4c3a28-5741-732d-8e38-f17f0fdcc290,0.4000,2026-02-28 19:57:19.135606+00:00
23.00,2026-02-28T19:57:16.855229Z,0.6000,yes,KXKHAMENEIOUT-AKHA-26APR01,0e22b550-0309-7e3d-7e7d-74ca1852e420,0.4000,2026-02-28 19:57:16.855229+00:00
245.00,2026-02-28T19:57:15.854218Z,0.6100,no,KXKHAMENEIOUT-AKHA-26APR01,1cb5f351-bf16-6a0d-6f5f-503fea0edfe8,0.3900,2026-02-28 19:57:15.854218+00:00
479.00,2026-02-28T19:57:15.718851Z,0.6000,yes,KXKHAMENEIOUT-AKHA-26APR01,454ebaa3-9f51-6909-7d72-3753855c3890,0.4000,2026-02-28 19:57:15.718851+00:00
84.00,2026-02-28T19:57:15.438939Z,0.6000,yes,KXKHAMENEIOUT-AKHA-26APR01,58096d5f-9d19-5aa1-fe3a-a26f06720194,0.4000,2026-02-28 19:57:15.438939+00:00
190.00,2026-02-28T19:57:15.175591Z,0.6000,yes,KXKHAMENEIOUT-AKHA-26APR01,c789f203-56dd-55c5-f32d-b78004fb3308,0.4000,2026-02-28 19:57:15.175591+00:00
23.00,2026-02-28T19:57:14.274792Z,0.6000,yes,KXKHAMENEIOUT-AKHA-26APR01,7fe06157-af01-5851-bbf0-95f480b15c68,0.4000,2026-02-28 19:57:14.274792+00:00
239.00,2026-02-28T19:57:14.227199Z,0.6000,yes,KXKHAMENEIOUT-AKHA-26APR01,ef0acf41-c01d-5e05-b48f-8c9231849120,0.4000,2026-02-28 19:57:14.227199+00:00
479.00,2026-02-28T19:57:13.850353Z,0.6000,yes,KXKHAMENEIOUT-AKHA-26APR01,7d77bdcc-17b5-4945-39eb-d5f542873ba0,0.4000,2026-02-28 19:57:13.850353+00:00
35.00,2026-02-28T19:57:13.691101Z,0.6000,yes,KXKHAMENEIOUT-AKHA-26APR01,2c708302-524d-51e1-3d23-bf740ba74dc8,0.4000,2026-02-28 19:57:13.691101+00:00
179.00,2026-02-28T19:57:12.908279Z,0.6000,yes,KXKHAMENEIOUT-AKHA-26APR01,bc385bb8-20a5-5be9-1431-bf5d8c0f2928,0.4000,2026-02-28 19:57:12.908279+00:00
119.00,2026-02-28T19:57:12.74703Z,0.6000,yes,KXKHAMENEIOUT-AKHA-26APR01,d9f74843-bf9d-48a5-7663-38fd2a82140c,0.4000,2026-02-28 19:57:12.747030+00:00
150.00,2026-02-28T19:57:12.13971Z,0.6000,yes,KXKHAMENEIOUT-AKHA-26APR01,a2e02d94-dbe5-5ead-dad0-ab528c05cc08,0.4000,2026-02-28 19:57:12.139710+00:00
35.00,2026-02-28T19:57:10.699669Z,0.6000,yes,KXKHAMENEIOUT-AKHA-26APR01,d7dd8300-7685-44e1-8679-d2568339ac54,0.4000,2026-02-28 19:57:10.699669+00:00
23.00,2026-02-28T19:57:10.060146Z,0.6000,yes,KXKHAMENEIOUT-AKHA-26APR01,41440c22-d549-77dd-7332-c77a22cd2608,0.4000,2026-02-28 19:57:10.060146+00:00
599.00,2026-02-28T19:57:09.84678Z,0.6000,yes,KXKHAMENEIOUT-AKHA-26APR01,0dc63fc9-8e59-6851-923a-81009a2f3b70,0.4000,2026-02-28 19:57:09.846780+00:00
100.00,2026-02-28T19:57:09.833126Z,0.6000,yes,KXKHAMENEIOUT-AKHA-26APR01,bed1fa77-561d-4779-6cfd-c18dace42500,0.4000,2026-02-28 19:57:09.833126+00:00
47.00,2026-02-28T19:57:09.549362Z,0.6000,yes,KXKHAMENEIOUT-AKHA-26APR01,7948419e-c669-5575-a604-de2c44e22f44,0.4000,2026-02-28 19:57:09.549362+00:00
4.00,2026-02-28T19:57:08.415949Z,0.6000,yes,KXKHAMENEIOUT-AKHA-26APR01,6b6680d1-6889-41e1-3b17-5415e1f2de50,0.4000,2026-02-28 19:57:08.415949+00:00
299.00,2026-02-28T19:57:07.891406Z,0.6000,yes,KXKHAMENEIOUT-AKHA-26APR01,5834141c-3bad-6529-7125-b4a2a1804d2c,0.4000,2026-02-28 19:57:07.891406+00:00
705.00,2026-02-28T19:57:07.394966Z,0.6000,yes,KXKHAMENEIOUT-AKHA-26APR01,3aca5cb7-1d1d-7c99-1a46-ab3a8007a2ec,0.4000,2026-02-28 19:57:07.394966+00:00
477.00,2026-02-28T19:57:07.218807Z,0.6000,yes,KXKHAMENEIOUT-AKHA-26APR01,8aacdcb5-127d-58bd-e0ff-7df4684311f4,0.4000,2026-02-28 19:57:07.218807+00:00
599.00,2026-02-28T19:57:06.249329Z,0.6000,yes,KXKHAMENEIOUT-AKHA-26APR01,27e53ecb-b451-4325-eda8-8b9829bd99ac,0.4000,2026-02-28 19:57:06.249329+00:00
359.00,2026-02-28T19:57:06.012248Z,0.6000,yes,KXKHAMENEIOUT-AKHA-26APR01,df852a13-6355-6295-c4bc-00bd4eb8ab44,0.4000,2026-02-28 19:57:06.012248+00:00
575.00,2026-02-28T19:57:03.437027Z,0.6000,yes,KXKHAMENEIOUT-AKHA-26APR01,9ac8e5d9-2ea5-712d-7267-2fb7f17c7074,0.4000,2026-02-28 19:57:03.437027+00:00
239.00,2026-02-28T19:57:03.298876Z,0.6000,yes,KXKHAMENEIOUT-AKHA-26APR01,a5a09ff3-48a5-7e9d-07ea-f25504d6c8c4,0.4000,2026-02-28 19:57:03.298876+00:00
1.00,2026-02-28T19:57:02.877394Z,0.6000,yes,KXKHAMENEIOUT-AKHA-26APR01,675a82d9-cef1-7ad5-7df3-dfc9b8680860,0.4000,2026-02-28 19:57:02.877394+00:00
25.00,2026-02-28T19:57:02.839046Z,0.6100,no,KXKHAMENEIOUT-AKHA-26APR01,1b28eee4-7d02-5ee5-a467-9be991e744f0,0.3900,2026-02-28 19:57:02.839046+00:00
1199.00,2026-02-28T19:57:02.430866Z,0.6000,yes,KXKHAMENEIOUT-AKHA-26APR01,1cf6d98f-f179-5d85-1ad6-129d58033588,0.4000,2026-02-28 19:57:02.430866+00:00
4.00,2026-02-28T19:57:01.427714Z,0.6000,yes,KXKHAMENEIOUT-AKHA-26APR01,34df4dfc-9bc9-6fad-945c-eca231874284,0.4000,2026-02-28 19:57:01.427714+00:00
479.00,2026-02-28T19:57:01.171724Z,0.6000,yes,KXKHAMENEIOUT-AKHA-26APR01,9975aea1-ec8d-72e9-f110-03d1da3e1300,0.4000,2026-02-28 19:57:01.171724+00:00
11.00,2026-02-28T19:57:01.139837Z,0.6000,yes,KXKHAMENEIOUT-AKHA-26APR01,beaa7e94-28d9-60f5-b809-8a305dc35f30,0.4000,2026-02-28 19:57:01.139837+00:00
35.00,2026-02-28T19:57:01.065059Z,0.6000,yes,KXKHAMENEIOUT-AKHA-26APR01,e08af0c0-3909-6b89-6fe1-9475c4ce8cc8,0.4000,2026-02-28 19:57:01.065059+00:00
1199.00,2026-02-28T19:57:00.665121Z,0.6000,yes,KXKHAMENEIOUT-AKHA-26APR01,396a8c00-72e1-45ed-e3ab-fe8ea132cac0,0.4000,2026-02-28 19:57:00.665121+00:00
11.00,2026-02-28T19:57:00.462756Z,0.6000,yes,KXKHAMENEIOUT-AKHA-26APR01,ed913438-b515-5ad5-d653-067acbc7ac64,0.4000,2026-02-28 19:57:00.462756+00:00
250.00,2026-02-28T19:56:59.885266Z,0.6100,no,KXKHAMENEIOUT-AKHA-26APR01,ed6ff32a-dd3a-4b51-6b72-a14c75aba0a0,0.3900,2026-02-28 19:56:59.885266+00:00
47.00,2026-02-28T19:56:59.554475Z,0.6000,yes,KXKHAMENEIOUT-AKHA-26APR01,dd5b15fa-5375-76ad-971e-eb553279b408,0.4000,2026-02-28 19:56:59.554475+00:00
479.00,2026-02-28T19:56:58.909813Z,0.6000,yes,KXKHAMENEIOUT-AKHA-26APR01,946fb00c-8335-7ec1-297d-f193dd0b7ac0,0.4000,2026-02-28 19:56:58.909813+00:00
23.00,2026-02-28T19:56:58.377791Z,0.6000,yes,KXKHAMENEIOUT-AKHA-26APR01,83f26e7a-c401-6301-406c-798d741953b8,0.4000,2026-02-28 19:56:58.377791+00:00
131.00,2026-02-28T19:56:57.007511Z,0.6100,yes,KXKHAMENEIOUT-AKHA-26APR01,7143e6ff-2404-667c-fa56-c6485caf1883,0.3900,2026-02-28 19:56:57.007511+00:00
1219.00,2026-02-28T19:56:56.999053Z,0.6100,yes,KXKHAMENEIOUT-AKHA-26APR01,85cea71e-52f4-5eb4-1d8b-abd740b7a7ef,0.3900,2026-02-28 19:56:56.999053+00:00
122.00,2026-02-28T19:56:56.569647Z,0.6100,yes,KXKHAMENEIOUT-AKHA-26APR01,be15a510-937c-5994-6442-cea13d2a9b93,0.3900,2026-02-28 19:56:56.569647+00:00
2459.00,2026-02-28T19:56:56.18579Z,0.6100,yes,KXKHAMENEIOUT-AKHA-26APR01,4e2f232f-224c-60d8-b1bb-9c6905715e9f,0.3900,2026-02-28 19:56:56.185790+00:00
2459.00,2026-02-28T19:56:56.0641Z,0.6100,yes,KXKHAMENEIOUT-AKHA-26APR01,2ad786f7-c1e8-6c30-e195-813e4188c6fb,0.3900,2026-02-28 19:56:56.064100+00:00
49.00,2026-02-28T19:56:55.553202Z,0.6100,yes,KXKHAMENEIOUT-AKHA-26APR01,bc311837-0d1c-4340-d14b-b0ff38aad987,0.3900,2026-02-28 19:56:55.553202+00:00
20.00,2026-02-28T19:56:55.474235Z,0.6100,yes,KXKHAMENEIOUT-AKHA-26APR01,bea819bb-c9a8-6170-65c8-9aa7b3ad5483,0.3900,2026-02-28 19:56:55.474235+00:00
27.00,2026-02-28T19:56:55.263133Z,0.6100,yes,KXKHAMENEIOUT-AKHA-26APR01,d6ff1d9a-617c-4cf4-48cf-15d45b7ee85f,0.3900,2026-02-28 19:56:55.263133+00:00
737.00,2026-02-28T19:56:55.149109Z,0.6100,yes,KXKHAMENEIOUT-AKHA-26APR01,c87783a2-9de8-5d74-ee30-7861cadc6b17,0.3900,2026-02-28 19:56:55.149109+00:00
122.00,2026-02-28T19:56:55.009774Z,0.6100,yes,KXKHAMENEIOUT-AKHA-26APR01,ccac2082-bb5c-4f18-cabd-815a9ae96c4b,0.3900,2026-02-28 19:56:55.009774+00:00
1229.00,2026-02-28T19:56:54.782414Z,0.6100,yes,KXKHAMENEIOUT-AKHA-26APR01,ca10f093-dc44-4d20-3581-5604b1abddb3,0.3900,2026-02-28 19:56:54.782414+00:00
245.00,2026-02-28T19:56:53.511169Z,0.6100,yes,KXKHAMENEIOUT-AKHA-26APR01,9c2f3d92-d818-4d88-987f-d4dc22d8cf43,0.3900,2026-02-28 19:56:53.511169+00:00
12.00,2026-02-28T19:56:53.24073Z,0.6100,yes,KXKHAMENEIOUT-AKHA-26APR01,59046508-df88-575c-5076-a6d1c76d4017,0.3900,2026-02-28 19:56:53.240730+00:00
120.00,2026-02-28T19:56:52.491404Z,0.6100,yes,KXKHAMENEIOUT-AKHA-26APR01,a4f6f0c5-6930-6314-eb1e-ee5630e46143,0.3900,2026-02-28 19:56:52.491404+00:00
24.00,2026-02-28T19:56:52.459149Z,0.6100,yes,KXKHAMENEIOUT-AKHA-26APR01,69c662a3-8dd8-60f4-b714-87dcbd3c51a3,0.3900,2026-02-28 19:56:52.459149+00:00
25.00,2026-02-28T19:56:50.024503Z,0.6100,no,KXKHAMENEIOUT-AKHA-26APR01,11541651-9c43-5b7d-4eb6-47726a7e26e0,0.3900,2026-02-28 19:56:50.024503+00:00
11.00,2026-02-28T19:56:48.690891Z,0.6000,yes,KXKHAMENEIOUT-AKHA-26APR01,631b2253-6c25-4445-fe74-2f85e5df81ac,0.4000,2026-02-28 19:56:48.690891+00:00
215.00,2026-02-28T19:56:47.343673Z,0.6000,yes,KXKHAMENEIOUT-AKHA-26APR01,e75ada28-b52d-6351-9b2c-1e265393d08c,0.4000,2026-02-28 19:56:47.343673+00:00
119.00,2026-02-28T19:56:47.263989Z,0.6000,yes,KXKHAMENEIOUT-AKHA-26APR01,8507a230-6045-6349-405f-d1b8c6a247b8,0.4000,2026-02-28 19:56:47.263989+00:00
1199.00,2026-02-28T19:56:46.548358Z,0.6000,yes,KXKHAMENEIOUT-AKHA-26APR01,adad85ca-df29-4c89-86ac-5fd8c9be5d3c,0.4000,2026-02-28 19:56:46.548358+00:00
238.00,2026-02-28T19:56:46.266982Z,0.6000,yes,KXKHAMENEIOUT-AKHA-26APR01,d4fb11ca-3055-72a1-4e69-d79e398aa254,0.4000,2026-02-28 19:56:46.266982+00:00
239.00,2026-02-28T19:56:46.088289Z,0.6000,yes,KXKHAMENEIOUT-AKHA-26APR01,03cf56ed-27c5-4a25-b12c-7dc944d0ec74,0.4000,2026-02-28 19:56:46.088289+00:00
23.00,2026-02-28T19:56:45.073254Z,0.6000,yes,KXKHAMENEIOUT-AKHA-26APR01,931f63d5-1b95-4c2d-23bf-4dfa14b0cb20,0.4000,2026-02-28 19:56:45.073254+00:00
23.00,2026-02-28T19:56:44.975257Z,0.6000,yes,KXKHAMENEIOUT-AKHA-26APR01,ff5660f2-8ff5-6ac5-a7e7-1fac44a318f0,0.4000,2026-02-28 19:56:44.975257+00:00
11.00,2026-02-28T19:56:42.260382Z,0.6000,yes,KXKHAMENEIOUT-AKHA-26APR01,84688684-845d-610d-4e02-84eaccabfb40,0.4000,2026-02-28 19:56:42.260382+00:00
55.00,2026-02-28T19:56:41.306193Z,0.6000,yes,KXKHAMENEIOUT-AKHA-26APR01,952280be-7405-7bb9-1439-ef028ed77364,0.4000,2026-02-28 19:56:41.306193+00:00
239.00,2026-02-28T19:56:41.190417Z,0.6000,yes,KXKHAMENEIOUT-AKHA-26APR01,0714d0da-da31-7e41-2224-5eef8cc80150,0.4000,2026-02-28 19:56:41.190417+00:00
35.00,2026-02-28T19:56:40.798969Z,0.6000,yes,KXKHAMENEIOUT-AKHA-26APR01,f13d74ae-ca09-4531-fd9e-8bfb7d0dabac,0.4000,2026-02-28 19:56:40.798969+00:00
47.00,2026-02-28T19:56:40.478945Z,0.6000,yes,KXKHAMENEIOUT-AKHA-26APR01,4e0aa696-d5bd-77d9-ba75-ce88150bcf40,0.4000,2026-02-28 19:56:40.478945+00:00
23.00,2026-02-28T19:56:40.327069Z,0.6000,yes,KXKHAMENEIOUT-AKHA-26APR01,46b18c78-5c15-496d-7f84-f13d017f67d0,0.4000,2026-02-28 19:56:40.327069+00:00
59.00,2026-02-28T19:56:40.097584Z,0.6000,yes,KXKHAMENEIOUT-AKHA-26APR01,16c600fe-32bd-7429-e3ba-c5ddb8012248,0.4000,2026-02-28 19:56:40.097584+00:00
599.00,2026-02-28T19:56:39.0334Z,0.6000,yes,KXKHAMENEIOUT-AKHA-26APR01,d3b5876b-eda5-7a55-16ce-978d15351ccc,0.4000,2026-02-28 19:56:39.033400+00:00
119.00,2026-02-28T19:56:38.915755Z,0.6000,yes,KXKHAMENEIOUT-AKHA-26APR01,973611b7-4701-718d-43d5-51961285a5d0,0.4000,2026-02-28 19:56:38.915755+00:00
2000.00,2026-02-28T19:56:38.204572Z,0.6000,yes,KXKHAMENEIOUT-AKHA-26APR01,0a1b6207-1465-5449-0d6b-5bb1e0680fac,0.4000,2026-02-28 19:56:38.204572+00:00
11.00,2026-02-28T19:56:37.794838Z,0.6000,yes,KXKHAMENEIOUT-AKHA-26APR01,056c661e-25e5-7919-c760-447db89feedc,0.4000,2026-02-28 19:56:37.794838+00:00
59.00,2026-02-28T19:56:37.575892Z,0.6000,yes,KXKHAMENEIOUT-AKHA-26APR01,a9e8961b-7a09-6061-8882-798efd160568,0.4000,2026-02-28 19:56:37.575892+00:00
47.00,2026-02-28T19:56:35.73386Z,0.6000,yes,KXKHAMENEIOUT-AKHA-26APR01,8d605a93-c2dd-5639-e0b0-c32cdd51e9a8,0.4000,2026-02-28 19:56:35.733860+00:00
26.00,2026-02-28T19:56:35.451198Z,0.6000,yes,KXKHAMENEIOUT-AKHA-26APR01,b775bf56-037d-6f79-730d-ba7586f35d58,0.4000,2026-02-28 19:56:35.451198+00:00
10.00,2026-02-28T19:56:35.156128Z,0.6000,yes,KXKHAMENEIOUT-AKHA-26APR01,e954506c-efd5-7979-09c8-d076f548552c,0.4000,2026-02-28 19:56:35.156128+00:00
1439.00,2026-02-28T19:56:34.900629Z,0.6000,yes,KXKHAMENEIOUT-AKHA-26APR01,aa4ce3c6-24b9-4fbd-5b13-fe2c45a681ec,0.4000,2026-02-28 19:56:34.900629+00:00
2399.00,2026-02-28T19:56:34.806891Z,0.6000,yes,KXKHAMENEIOUT-AKHA-26APR01,a4b24a3d-5b01-508d-03dd-f896f193ca88,0.4000,2026-02-28 19:56:34.806891+00:00
479.00,2026-02-28T19:56:34.559498Z,0.6000,yes,KXKHAMENEIOUT-AKHA-26APR01,1f987b15-9729-5809-0987-dec6d68ed8c0,0.4000,2026-02-28 19:56:34.559498+00:00
23.00,2026-02-28T19:56:34.27983Z,0.6000,yes,KXKHAMENEIOUT-AKHA-26APR01,06b084cd-d311-5479-6988-34c6fc232734,0.4000,2026-02-28 19:56:34.279830+00:00
239.00,2026-02-28T19:56:34.068949Z,0.6000,yes,KXKHAMENEIOUT-AKHA-26APR01,a711b94c-df3d-787d-6e1b-b24fc8d899b0,0.4000,2026-02-28 19:56:34.068949+00:00
239.00,2026-02-28T19:56:34.017748Z,0.6000,yes,KXKHAMENEIOUT-AKHA-26APR01,97ae0925-0709-5b31-3198-3a9e61117748,0.4000,2026-02-28 19:56:34.017748+00:00
95.00,2026-02-28T19:56:32.56854Z,0.6000,yes,KXKHAMENEIOUT-AKHA-26APR01,cb02c16a-c0d5-5f65-f2e5-6bb0d9f9821c,0.4000,2026-02-28 19:56:32.568540+00:00
143.00,2026-02-28T19:56:31.09508Z,0.6000,yes,KXKHAMENEIOUT-AKHA-26APR01,91f09db3-4b01-72ad-bbc5-372841280148,0.4000,2026-02-28 19:56:31.095080+00:00
839.00,2026-02-28T19:56:30.834942Z,0.6000,yes,KXKHAMENEIOUT-AKHA-26APR01,812e1a81-4fa1-5a11-60c9-55994f52d160,0.4000,2026-02-28 19:56:30.834942+00:00
479.00,2026-02-28T19:56:30.827168Z,0.6000,yes,KXKHAMENEIOUT-AKHA-26APR01,8e5302bb-a5ed-4ccd-3bc1-86a20ac08d90,0.4000,2026-02-28 19:56:30.827168+00:00
119.00,2026-02-28T19:56:28.171189Z,0.6000,yes,KXKHAMENEIOUT-AKHA-26APR01,c4924981-d699-5375-1cf0-dd20e398e0e0,0.4000,2026-02-28 19:56:28.171189+00:00
1175.00,2026-02-28T19:56:28.074935Z,0.6000,yes,KXKHAMENEIOUT-AKHA-26APR01,3e0209d1-5af9-4701-4c99-71a82c7e90ec,0.4000,2026-02-28 19:56:28.074935+00:00
7.00,2026-02-28T19:56:27.64173Z,0.6000,yes,KXKHAMENEIOUT-AKHA-26APR01,778459d4-b0e1-5bad-fff3-0eb38e5c9d5c,0.4000,2026-02-28 19:56:27.641730+00:00
59.00,2026-02-28T19:56:27.06779Z,0.6000,yes,KXKHAMENEIOUT-AKHA-26APR01,a51c552d-9545-6879-bba8-b6e5f4ad3754,0.4000,2026-02-28 19:56:27.067790+00:00
47.00,2026-02-28T19:56:25.892171Z,0.6000,yes,KXKHAMENEIOUT-AKHA-26APR01,1a6e4e66-e4e5-7d71-a289-54c8a3830874,0.4000,2026-02-28 19:56:25.892171+00:00
2399.00,2026-02-28T19:56:25.361843Z,0.6000,yes,KXKHAMENEIOUT-AKHA-26APR01,bfd41279-0b59-7809-e699-fc78752b8f3c,0.4000,2026-02-28 19:56:25.361843+00:00
119.00,2026-02-28T19:56:24.872051Z,0.6000,yes,KXKHAMENEIOUT-AKHA-26APR01,c520f5ff-4fb5-5b09-c56e-ceabbe53f930,0.4000,2026-02-28 19:56:24.872051+00:00
59.00,2026-02-28T19:56:24.78569Z,0.6000,yes,KXKHAMENEIOUT-AKHA-26APR01,64547a7a-389d-4c9d-d41e-d67e710a45ac,0.4000,2026-02-28 19:56:24.785690+00:00
239.00,2026-02-28T19:56:24.602586Z,0.6000,yes,KXKHAMENEIOUT-AKHA-26APR01,75639282-e095-4169-9f84-88b46245afe0,0.4000,2026-02-28 19:56:24.602586+00:00
119.00,2026-02-28T19:56:24.420623Z,0.6000,yes,KXKHAMENEIOUT-AKHA-26APR01,fa8f8912-39cd-5101-def3-9be7ea58273c,0.4000,2026-02-28 19:56:24.420623+00:00
86.00,2026-02-28T19:56:24.315097Z,0.6000,yes,KXKHAMENEIOUT-AKHA-26APR01,1855698a-4951-47bd-f6f3-d8533494e504,0.4000,2026-02-28 19:56:24.315097+00:00
119.00,2026-02-28T19:56:23.450242Z,0.6000,yes,KXKHAMENEIOUT-AKHA-26APR01,65725dca-97a1-6c6d-67dd-76f65418294c,0.4000,2026-02-28 19:56:23.450242+00:00
23.00,2026-02-28T19:56:23.342187Z,0.6000,yes,KXKHAMENEIOUT-AKHA-26APR01,c3623ba3-9bbd-45ad-5b53-860a27db14ac,0.4000,2026-02-28 19:56:23.342187+00:00
179.00,2026-02-28T19:56:23.23486Z,0.6000,yes,KXKHAMENEIOUT-AKHA-26APR01,e7b20812-be0d-75b1-f172-4fc14ec5ef6c,0.4000,2026-02-28 19:56:23.234860+00:00
1190.00,2026-02-28T19:56:22.604352Z,0.6000,yes,KXKHAMENEIOUT-AKHA-26APR01,ca4cfaba-b561-77ad-c960-cd02a13ee2e8,0.4000,2026-02-28 19:56:22.604352+00:00
35.00,2026-02-28T19:56:22.585618Z,0.6000,yes,KXKHAMENEIOUT-AKHA-26APR01,a3ebcb3b-9655-4b45-f08e-8ba24c6347bc,0.4000,2026-02-28 19:56:22.585618+00:00
239.00,2026-02-28T19:56:22.578607Z,0.6000,yes,KXKHAMENEIOUT-AKHA-26APR01,ef4c43be-d349-623d-f77c-2736c41031d8,0.4000,2026-02-28 19:56:22.578607+00:00
5998.00,2026-02-28T19:56:21.310706Z,0.6000,yes,KXKHAMENEIOUT-AKHA-26APR01,830a7220-e309-5041-ed63-fcef64a865e0,0.4000,2026-02-28 19:56:21.310706+00:00
25.00,2026-02-28T19:56:21.304767Z,0.6100,yes,KXKHAMENEIOUT-AKHA-26APR01,f49101d1-01e6-4a4b-1a21-94b0e8983e9b,0.3900,2026-02-28 19:56:21.304767+00:00
694.00,2026-02-28T19:56:21.304767Z,0.6000,yes,KXKHAMENEIOUT-AKHA-26APR01,5991f4a6-4761-4231-05e5-b63f5e24f864,0.4000,2026-02-28 19:56:21.304767+00:00
23.00,2026-02-28T19:56:20.870497Z,0.6000,yes,KXKHAMENEIOUT-AKHA-26APR01,578d37c9-56d9-54b5-bc43-585d585f0bc0,0.4000,2026-02-28 19:56:20.870497+00:00
57.00,2026-02-28T19:56:19.363063Z,0.6100,yes,KXKHAMENEIOUT-AKHA-26APR01,f5496fbe-cc79-4670-5f0f-891c9a97c278,0.3900,2026-02-28 19:56:19.363063+00:00
155.00,2026-02-28T19:56:19.363063Z,0.6000,yes,KXKHAMENEIOUT-AKHA-26APR01,de354d6e-c549-4dc1-68e3-3ae6fbb6cfd8,0.4000,2026-02-28 19:56:19.363063+00:00
25.00,2026-02-28T19:56:19.363063Z,0.6100,yes,KXKHAMENEIOUT-AKHA-26APR01,811b276a-c435-4e8a-4c54-7f18db4f9964,0.3900,2026-02-28 19:56:19.363063+00:00
24.00,2026-02-28T19:56:18.22383Z,0.6100,yes,KXKHAMENEIOUT-AKHA-26APR01,cdd3e756-3285-7dc4-2d6f-324bb99d3c34,0.3900,2026-02-28 19:56:18.223830+00:00
4.00,2026-02-28T19:56:18.219245Z,0.6100,yes,KXKHAMENEIOUT-AKHA-26APR01,fd36188f-f88d-4aa0-d72b-e875a9f5ce78,0.3900,2026-02-28 19:56:18.219245+00:00
24.00,2026-02-28T19:56:18.215247Z,0.6100,yes,KXKHAMENEIOUT-AKHA-26APR01,dccb6da9-cf29-6c30-c42c-3938f9adad78,0.3900,2026-02-28 19:56:18.215247+00:00
100.00,2026-02-28T19:56:17.841052Z,0.6100,yes,KXKHAMENEIOUT-AKHA-26APR01,27772bf8-3dcd-794c-9243-183dd3349be8,0.3900,2026-02-28 19:56:17.841052+00:00
19.00,2026-02-28T19:56:17.115979Z,0.6200,no,KXKHAMENEIOUT-AKHA-26APR01,9836feed-efcf-4696-4dba-a4a952d8a89a,0.3800,2026-02-28 19:56:17.115979+00:00
22.00,2026-02-28T19:56:16.967149Z,0.6200,no,KXKHAMENEIOUT-AKHA-26APR01,f1794170-28b8-64da-3088-1ba97acb1711,0.3800,2026-02-28 19:56:16.967149+00:00
28.00,2026-02-28T19:56:16.967149Z,0.6200,no,KXKHAMENEIOUT-AKHA-26APR01,4d788be7-8c4f-6032-2c07-ce1a607c393e,0.3800,2026-02-28 19:56:16.967149+00:00
531.00,2026-02-28T19:56:16.664451Z,0.6100,yes,KXKHAMENEIOUT-AKHA-26APR01,b3481c15-a24d-77d8-f08e-8cb634f1be78,0.3900,2026-02-28 19:56:16.664451+00:00
860.00,2026-02-28T19:56:16.151151Z,0.6100,yes,KXKHAMENEIOUT-AKHA-26APR01,5699ad94-b1fd-5a4c-55c0-f252b321ad84,0.3900,2026-02-28 19:56:16.151151+00:00
70.00,2026-02-28T19:56:15.208918Z,0.6100,yes,KXKHAMENEIOUT-AKHA-26APR01,e16d8533-48ad-6954-df39-d338b97b1fa8,0.3900,2026-02-28 19:56:15.208918+00:00
2.00,2026-02-28T19:56:14.824085Z,0.6100,yes,KXKHAMENEIOUT-AKHA-26APR01,d4904832-49dd-41dc-a32f-c103f72db7c8,0.3900,2026-02-28 19:56:14.824085+00:00
245.00,2026-02-28T19:56:13.706793Z,0.6100,yes,KXKHAMENEIOUT-AKHA-26APR01,8bcdb026-2f79-7d08-c581-354e0898fafc,0.3900,2026-02-28 19:56:13.706793+00:00
20.00,2026-02-28T19:56:12.817952Z,0.6100,yes,KXKHAMENEIOUT-AKHA-26APR01,94f8b85c-41f9-72c8-dacf-d1d384f78d58,0.3900,2026-02-28 19:56:12.817952+00:00
122.00,2026-02-28T19:56:12.811783Z,0.6100,yes,KXKHAMENEIOUT-AKHA-26APR01,e02f2446-a5b9-58c0-536e-8804c3f73478,0.3900,2026-02-28 19:56:12.811783+00:00
245.00,2026-02-28T19:56:12.539025Z,0.6100,yes,KXKHAMENEIOUT-AKHA-26APR01,1b6c2ee6-5119-566c-5f5f-f7317a3317b4,0.3900,2026-02-28 19:56:12.539025+00:00
1229.00,2026-02-28T19:56:12.203528Z,0.6100,yes,KXKHAMENEIOUT-AKHA-26APR01,aa39486c-9091-534c-86f7-a0f2e4a4121c,0.3900,2026-02-28 19:56:12.203528+00:00
122.00,2026-02-28T19:56:12.160611Z,0.6100,yes,KXKHAMENEIOUT-AKHA-26APR01,9cd9956a-cb7d-6678-ca9c-f2ba3ea586d0,0.3900,2026-02-28 19:56:12.160611+00:00
14.00,2026-02-28T19:56:12.076691Z,0.6100,yes,KXKHAMENEIOUT-AKHA-26APR01,7849d55b-9305-6a7c-4ad3-239d93797bd0,0.3900,2026-02-28 19:56:12.076691+00:00
20.00,2026-02-28T19:56:11.904482Z,0.6100,yes,KXKHAMENEIOUT-AKHA-26APR01,fec16591-019d-69a8-e6ed-426e9af8ee64,0.3900,2026-02-28 19:56:11.904482+00:00
320.00,2026-02-28T19:56:11.698466Z,0.6100,yes,KXKHAMENEIOUT-AKHA-26APR01,9dffbdd7-0de1-73d4-8a60-c36321cd03ac,0.3900,2026-02-28 19:56:11.698466+00:00
61.00,2026-02-28T19:56:10.654087Z,0.6100,yes,KXKHAMENEIOUT-AKHA-26APR01,aa8b91ed-a669-4ca4-a24c-af43560f84f4,0.3900,2026-02-28 19:56:10.654087+00:00
103.00,2026-02-28T19:56:10.585251Z,0.6100,yes,KXKHAMENEIOUT-AKHA-26APR01,9678465b-7d95-5788-3cf2-d9f10505edb0,0.3900,2026-02-28 19:56:10.585251+00:00
61.00,2026-02-28T19:56:10.314231Z,0.6100,yes,KXKHAMENEIOUT-AKHA-26APR01,33bfd6cc-6ae5-5fd8-003d-939275408560,0.3900,2026-02-28 19:56:10.314231+00:00
245.00,2026-02-28T19:56:10.222146Z,0.6100,yes,KXKHAMENEIOUT-AKHA-26APR01,76efb60d-e2dd-44fc-3fa9-926e7cad6758,0.3900,2026-02-28 19:56:10.222146+00:00
4.00,2026-02-28T19:56:09.058903Z,0.6100,yes,KXKHAMENEIOUT-AKHA-26APR01,95f38499-94d5-75ec-cb75-b937108a20a4,0.3900,2026-02-28 19:56:09.058903+00:00
359.00,2026-02-28T19:56:07.970505Z,0.6100,yes,KXKHAMENEIOUT-AKHA-26APR01,fac3546e-1c1d-7360-ff89-788d25f09af4,0.3900,2026-02-28 19:56:07.970505+00:00
38.00,2026-02-28T19:56:07.816533Z,0.6100,yes,KXKHAMENEIOUT-AKHA-26APR01,ca74e7a1-7849-4e60-b3ac-ffc90d48453c,0.3900,2026-02-28 19:56:07.816533+00:00
95.00,2026-02-28T19:56:07.763196Z,0.6100,yes,KXKHAMENEIOUT-AKHA-26APR01,48c22aa8-3081-5250-658a-5d9ecc028074,0.3900,2026-02-28 19:56:07.763196+00:00
25.00,2026-02-28T19:56:07.067583Z,0.6100,no,KXKHAMENEIOUT-AKHA-26APR01,fdfdfd7c-ea7a-4c5d-562b-6d5d9c195a6a,0.3900,2026-02-28 19:56:07.067583+00:00
59.00,2026-02-28T19:56:06.787326Z,0.6000,yes,KXKHAMENEIOUT-AKHA-26APR01,b9389f99-79a1-63e1-b1c1-b6ef6a95c090,0.4000,2026-02-28 19:56:06.787326+00:00
35.00,2026-02-28T19:56:06.590074Z,0.6000,yes,KXKHAMENEIOUT-AKHA-26APR01,31f95f55-8985-422d-69bf-b5828595fbd8,0.4000,2026-02-28 19:56:06.590074+00:00
136.00,2026-02-28T19:56:05.469816Z,0.6000,yes,KXKHAMENEIOUT-AKHA-26APR01,5b0afbba-d751-45f5-c960-e60ce5624f84,0.4000,2026-02-28 19:56:05.469816+00:00
7.00,2026-02-28T19:56:04.77227Z,0.6000,yes,KXKHAMENEIOUT-AKHA-26APR01,c1ebc276-da19-7bd9-fe28-b2b98207ac40,0.4000,2026-02-28 19:56:04.772270+00:00
99.00,2026-02-28T19:56:02.733285Z,0.6000,yes,KXKHAMENEIOUT-AKHA-26APR01,93c23d1f-21b5-5299-d5da-2d4fa91aef54,0.4000,2026-02-28 19:56:02.733285+00:00
175.00,2026-02-28T19:56:02.248945Z,0.6000,yes,KXKHAMENEIOUT-AKHA-26APR01,4e2d956c-73bd-426d-f633-d63c74abc98c,0.4000,2026-02-28 19:56:02.248945+00:00
35.00,2026-02-28T19:56:01.064931Z,0.6000,yes,KXKHAMENEIOUT-AKHA-26APR01,550f5a14-cd75-4a6d-949d-5e37a336c848,0.4000,2026-02-28 19:56:01.064931+00:00
59.00,2026-02-28T19:56:00.863649Z,0.6000,yes,KXKHAMENEIOUT-AKHA-26APR01,ec2b0162-fe19-5ec5-b1c2-e86550184a54,0.4000,2026-02-28 19:56:00.863649+00:00
71.00,2026-02-28T19:55:59.547175Z,0.6000,yes,KXKHAMENEIOUT-AKHA-26APR01,67d4b1d2-90d5-5d91-7a70-dd861f28c1b8,0.4000,2026-02-28 19:55:59.547175+00:00
23.00,2026-02-28T19:55:59.137497Z,0.6000,yes,KXKHAMENEIOUT-AKHA-26APR01,5e97675e-7c51-64ad-83f1-c67c0c7762e0,0.4000,2026-02-28 19:55:59.137497+00:00
479.00,2026-02-28T19:55:56.720023Z,0.6000,yes,KXKHAMENEIOUT-AKHA-26APR01,bce3e54f-e189-7931-e647-9812dcbf56f8,0.4000,2026-02-28 19:55:56.720023+00:00
2399.00,2026-02-28T19:55:56.214765Z,0.6000,yes,KXKHAMENEIOUT-AKHA-26APR01,98dc55ce-8041-5a19-f622-3f4a030bddcc,0.4000,2026-02-28 19:55:56.214765+00:00
239.00,2026-02-28T19:55:56.204134Z,0.6000,yes,KXKHAMENEIOUT-AKHA-26APR01,408d325c-93d5-7ac5-9773-d055e90f5ff4,0.4000,2026-02-28 19:55:56.204134+00:00
359.00,2026-02-28T19:55:55.199203Z,0.6000,yes,KXKHAMENEIOUT-AKHA-26APR01,02bdaa8a-790d-64d9-d614-520f843347a8,0.4000,2026-02-28 19:55:55.199203+00:00
23.00,2026-02-28T19:55:54.98984Z,0.6000,yes,KXKHAMENEIOUT-AKHA-26APR01,a464aefb-f01d-60c9-a5b9-41b19a0adea8,0.4000,2026-02-28 19:55:54.989840+00:00
1240.00,2026-02-28T19:55:54.891409Z,0.6000,yes,KXKHAMENEIOUT-AKHA-26APR01,4c7600ce-4dc5-69f1-428f-76590ee867e8,0.4000,2026-02-28 19:55:54.891409+00:00
5.00,2026-02-28T19:55:54.646349Z,0.6000,yes,KXKHAMENEIOUT-AKHA-26APR01,70d236c1-d5c5-710d-b9f9-2672911f277c,0.4000,2026-02-28 19:55:54.646349+00:00
13.00,2026-02-28T19:55:52.683575Z,0.6000,yes,KXKHAMENEIOUT-AKHA-26APR01,8c282a7d-af89-515d-38ab-f8c3f6218858,0.4000,2026-02-28 19:55:52.683575+00:00
4.00,2026-02-28T19:55:52.575381Z,0.6000,yes,KXKHAMENEIOUT-AKHA-26APR01,e6fda690-d835-742d-20e3-f7e69377cbd0,0.4000,2026-02-28 19:55:52.575381+00:00
1199.00,2026-02-28T19:55:51.906424Z,0.6000,yes,KXKHAMENEIOUT-AKHA-26APR01,dc0e761a-7909-5885-4481-da159972b310,0.4000,2026-02-28 19:55:51.906424+00:00
47.00,2026-02-28T19:55:51.337959Z,0.6000,yes,KXKHAMENEIOUT-AKHA-26APR01,e715c776-f4dd-7419-c7df-1523f5319094,0.4000,2026-02-28 19:55:51.337959+00:00
43.00,2026-02-28T19:55:50.149282Z,0.6000,yes,KXKHAMENEIOUT-AKHA-26APR01,5334e645-bca9-7bcd-e237-c39bff03d5f0,0.4000,2026-02-28 19:55:50.149282+00:00
2351.00,2026-02-28T19:55:49.302581Z,0.6000,yes,KXKHAMENEIOUT-AKHA-26APR01,5a818d69-b68d-48f9-3ee1-3d2a7ce1ea64,0.4000,2026-02-28 19:55:49.302581+00:00
418.00,2026-02-28T19:55:49.082434Z,0.6100,no,KXKHAMENEIOUT-AKHA-26APR01,724bed34-7fb1-6c9e-547e-e13c6175fab8,0.3900,2026-02-28 19:55:49.082434+00:00
115.00,2026-02-28T19:55:49.057366Z,0.6000,yes,KXKHAMENEIOUT-AKHA-26APR01,0b51a7a9-e345-54e9-72d4-f0e22e809f6c,0.4000,2026-02-28 19:55:49.057366+00:00
239.00,2026-02-28T19:55:48.889388Z,0.6000,yes,KXKHAMENEIOUT-AKHA-26APR01,d2372017-5dbd-7e89-9500-660831700410,0.4000,2026-02-28 19:55:48.889388+00:00
119.00,2026-02-28T19:55:48.249998Z,0.6000,yes,KXKHAMENEIOUT-AKHA-26APR01,9cc32261-90ed-7059-198b-152f4f371b98,0.4000,2026-02-28 19:55:48.249998+00:00
215.00,2026-02-28T19:55:47.720923Z,0.6000,yes,KXKHAMENEIOUT-AKHA-26APR01,b26f6ed6-d5bd-7ecd-4868-de987ce1e730,0.4000,2026-02-28 19:55:47.720923+00:00
1199.00,2026-02-28T19:55:47.290949Z,0.6000,yes,KXKHAMENEIOUT-AKHA-26APR01,d4fdb3b4-f849-6829-6993-e77ea5183f7c,0.4000,2026-02-28 19:55:47.290949+00:00
119.00,2026-02-28T19:55:47.220375Z,0.6000,yes,KXKHAMENEIOUT-AKHA-26APR01,e7b80be6-4671-7489-223d-3cca22a13f88,0.4000,2026-02-28 19:55:47.220375+00:00
119.00,2026-02-28T19:55:47.208407Z,0.6000,yes,KXKHAMENEIOUT-AKHA-26APR01,3434f9a0-4a81-42fd-61d9-63b83e0b299c,0.4000,2026-02-28 19:55:47.208407+00:00
35.00,2026-02-28T19:55:46.83957Z,0.6000,yes,KXKHAMENEIOUT-AKHA-26APR01,255c4e2a-a031-79cd-c5e4-bf044cab5544,0.4000,2026-02-28 19:55:46.839570+00:00
756.00,2026-02-28T19:55:46.374401Z,0.6000,yes,KXKHAMENEIOUT-AKHA-26APR01,e8b821fe-3d36-72e0-aadc-0d9764d571ae,0.4000,2026-02-28 19:55:46.374401+00:00
443.00,2026-02-28T19:55:46.374401Z,0.6000,yes,KXKHAMENEIOUT-AKHA-26APR01,1fd7f6ae-9ec9-79c5-a441-2c2025bc5d10,0.4000,2026-02-28 19:55:46.374401+00:00
55.00,2026-02-28T19:55:45.937143Z,0.6000,yes,KXKHAMENEIOUT-AKHA-26APR01,311002a1-e176-5fb8-33f3-d15398e8d336,0.4000,2026-02-28 19:55:45.937143+00:00
119.00,2026-02-28T19:55:44.964329Z,0.6000,yes,KXKHAMENEIOUT-AKHA-26APR01,eda088f5-29c6-6af4-1d3b-9bd4f02d74fa,0.4000,2026-02-28 19:55:44.964329+00:00
5.00,2026-02-28T19:55:43.190983Z,0.6100,no,KXKHAMENEIOUT-AKHA-26APR01,e3a764d2-c6d9-691a-517c-9363e9cc4598,0.3900,2026-02-28 19:55:43.190983+00:00
359.00,2026-02-28T19:55:42.894449Z,0.6000,yes,KXKHAMENEIOUT-AKHA-26APR01,7463ea65-66c2-7ae0-623b-28c729962f92,0.4000,2026-02-28 19:55:42.894449+00:00
500.00,2026-02-28T19:55:42.823309Z,0.6100,no,KXKHAMENEIOUT-AKHA-26APR01,e589f98e-170d-534a-88c6-167f1a6eb95c,0.3900,2026-02-28 19:55:42.823309+00:00
59.00,2026-02-28T19:55:41.943001Z,0.6000,yes,KXKHAMENEIOUT-AKHA-26APR01,e7899afd-f3b2-7d68-b795-55ba0875c3be,0.4000,2026-02-28 19:55:41.943001+00:00
719.00,2026-02-28T19:55:41.484497Z,0.6000,yes,KXKHAMENEIOUT-AKHA-26APR01,59b352c3-362a-51dc-b8f1-b902748a4676,0.4000,2026-02-28 19:55:41.484497+00:00
359.00,2026-02-28T19:55:41.339885Z,0.6000,yes,KXKHAMENEIOUT-AKHA-26APR01,baca34cc-d226-62d8-681e-31ef3e92f152,0.4000,2026-02-28 19:55:41.339885+00:00
206.00,2026-02-28T19:55:40.699076Z,0.6000,yes,KXKHAMENEIOUT-AKHA-26APR01,54bab195-cf9e-5f04-87da-5d644748c3d2,0.4000,2026-02-28 19:55:40.699076+00:00
760.00,2026-02-28T19:55:39.489457Z,0.6000,yes,KXKHAMENEIOUT-AKHA-26APR01,0688912b-16c6-4128-d69b-2c667ba109b2,0.4000,2026-02-28 19:55:39.489457+00:00
119.00,2026-02-28T19:55:38.988687Z,0.6000,yes,KXKHAMENEIOUT-AKHA-26APR01,1bc16494-4216-6a08-0b2c-1a5301f80fb6,0.4000,2026-02-28 19:55:38.988687+00:00
100000.00,2026-02-28T19:55:37.000467Z,0.6100,yes,KXKHAMENEIOUT-AKHA-26APR01,f3dd334d-81fe-4200-aef2-577cf5598501,0.3900,2026-02-28 19:55:37.000467+00:00
5000.00,2026-02-28T19:55:37.000467Z,0.6200,yes,KXKHAMENEIOUT-AKHA-26APR01,f1489ea8-a73f-42b6-bb4c-d5a295942e2e,0.3800,2026-02-28 19:55:37.000467+00:00
15.00,2026-02-28T19:55:37.000467Z,0.6100,yes,KXKHAMENEIOUT-AKHA-26APR01,e8429b47-358b-4309-999c-59266cb0d6a3,0.3900,2026-02-28 19:55:37.000467+00:00
2792.00,2026-02-28T19:55:37.000467Z,0.6200,yes,KXKHAMENEIOUT-AKHA-26APR01,e73b985b-018a-448c-b322-1e47930edb62,0.3800,2026-02-28 19:55:37.000467+00:00
10.00,2026-02-28T19:55:37.000467Z,0.6100,yes,KXKHAMENEIOUT-AKHA-26APR01,e6d3d6f7-2b75-4946-a24d-9cfde884642c,0.3900,2026-02-28 19:55:37.000467+00:00
20.00,2026-02-28T19:55:37.000467Z,0.6100,yes,KXKHAMENEIOUT-AKHA-26APR01,d735bc85-e1bc-44b1-a165-5e6d6f12ea26,0.3900,2026-02-28 19:55:37.000467+00:00
100.00,2026-02-28T19:55:37.000467Z,0.6100,yes,KXKHAMENEIOUT-AKHA-26APR01,95a99fcc-27fd-41af-aa88-72a0e069f4bf,0.3900,2026-02-28 19:55:37.000467+00:00
647.00,2026-02-28T19:55:37.000467Z,0.6100,yes,KXKHAMENEIOUT-AKHA-26APR01,86dfe16d-7671-4791-a461-5967772852df,0.3900,2026-02-28 19:55:37.000467+00:00
5000.00,2026-02-28T19:55:37.000467Z,0.6100,yes,KXKHAMENEIOUT-AKHA-26APR01,2896f7cd-0568-43fe-a9e3-07928a540c5a,0.3900,2026-02-28 19:55:37.000467+00:00
1614.00,2026-02-28T19:55:37.000467Z,0.6100,yes,KXKHAMENEIOUT-AKHA-26APR01,2290c980-3bc3-4aa3-ba48-f9c2b77963fd,0.3900,2026-02-28 19:55:37.000467+00:00
76.00,2026-02-28T19:55:37.000467Z,0.6100,yes,KXKHAMENEIOUT-AKHA-26APR01,22080ccc-5e57-436e-a12a-5ea41419fc64,0.3900,2026-02-28 19:55:37.000467+00:00
150.00,2026-02-28T19:55:37.000467Z,0.6100,yes,KXKHAMENEIOUT-AKHA-26APR01,1f4a859c-ee9b-4421-9ec2-451228f099b2,0.3900,2026-02-28 19:55:37.000467+00:00
102.00,2026-02-28T19:55:36.182431Z,0.6300,no,KXKHAMENEIOUT-AKHA-26APR01,374a6126-3681-6bdc-a342-1d441e021a49,0.3700,2026-02-28 19:55:36.182431+00:00
63.00,2026-02-28T19:55:35.900777Z,0.6200,yes,KXKHAMENEIOUT-AKHA-26APR01,f8899c81-2eba-7d7c-ba2f-a1dfd0c657ea,0.3800,2026-02-28 19:55:35.900777+00:00
2498.00,2026-02-28T19:55:35.309768Z,0.6200,yes,KXKHAMENEIOUT-AKHA-26APR01,3cf155ed-fe52-5e54-c612-1391c32b2c3e,0.3800,2026-02-28 19:55:35.309768+00:00
252.00,2026-02-28T19:55:34.677058Z,0.6200,yes,KXKHAMENEIOUT-AKHA-26APR01,dab21609-a33e-58ec-da9f-a5784a7d855a,0.3800,2026-02-28 19:55:34.677058+00:00
35.00,2026-02-28T19:55:34.060899Z,0.6300,no,KXKHAMENEIOUT-AKHA-26APR01,44b9236f-b995-7588-818a-84f1662ae4d9,0.3700,2026-02-28 19:55:34.060899+00:00
63.00,2026-02-28T19:55:34.021668Z,0.6200,yes,KXKHAMENEIOUT-AKHA-26APR01,e664f8c0-442a-59ec-0ad3-9f889c412176,0.3800,2026-02-28 19:55:34.021668+00:00
630.00,2026-02-28T19:55:33.922802Z,0.6200,yes,KXKHAMENEIOUT-AKHA-26APR01,9b3f52b9-edc6-6bd4-b8f6-84aa6bdfce12,0.3800,2026-02-28 19:55:33.922802+00:00
63.00,2026-02-28T19:55:33.311976Z,0.6300,no,KXKHAMENEIOUT-AKHA-26APR01,35f85e9d-977d-61f4-155c-016eaf673cb9,0.3700,2026-02-28 19:55:33.311976+00:00
50.00,2026-02-28T19:55:33.247796Z,0.6200,yes,KXKHAMENEIOUT-AKHA-26APR01,b762a504-a1fa-6db0-1324-804e373c61d2,0.3800,2026-02-28 19:55:33.247796+00:00
126.00,2026-02-28T19:55:32.056831Z,0.6200,yes,KXKHAMENEIOUT-AKHA-26APR01,aa6cf957-45fa-54f0-a8c7-95cf06e1cf4e,0.3800,2026-02-28 19:55:32.056831+00:00
50.00,2026-02-28T19:55:30.713026Z,0.6200,yes,KXKHAMENEIOUT-AKHA-26APR01,1e1b04f8-3e4a-6d74-129d-059c3fd816fa,0.3800,2026-02-28 19:55:30.713026+00:00
252.00,2026-02-28T19:55:30.282921Z,0.6200,yes,KXKHAMENEIOUT-AKHA-26APR01,b82505b3-6782-5514-0a88-daed53aceb4e,0.3800,2026-02-28 19:55:30.282921+00:00
25.00,2026-02-28T19:55:29.269677Z,0.6200,yes,KXKHAMENEIOUT-AKHA-26APR01,ea9eecb7-50f2-5b98-aa75-10a667a141ae,0.3800,2026-02-28 19:55:29.269677+00:00
1008.00,2026-02-28T19:55:28.718979Z,0.6200,yes,KXKHAMENEIOUT-AKHA-26APR01,11f97f92-5ee6-58dc-8632-99da821d8f7a,0.3800,2026-02-28 19:55:28.718979+00:00
12.00,2026-02-28T19:55:28.201702Z,0.6200,yes,KXKHAMENEIOUT-AKHA-26APR01,f8abeb0d-a256-4e5c-5edd-9843dd71508a,0.3800,2026-02-28 19:55:28.201702+00:00
25.00,2026-02-28T19:55:27.046832Z,0.6200,yes,KXKHAMENEIOUT-AKHA-26APR01,7a5a0f0f-3d7a-4908-43be-ddcf6d740b52,0.3800,2026-02-28 19:55:27.046832+00:00
100.00,2026-02-28T19:55:26.928812Z,0.6200,yes,KXKHAMENEIOUT-AKHA-26APR01,7b082c81-5d06-54cc-a847-911a127d25da,0.3800,2026-02-28 19:55:26.928812+00:00
1261.00,2026-02-28T19:55:26.664039Z,0.6200,yes,KXKHAMENEIOUT-AKHA-26APR01,354579fa-5d92-7078-bf10-ee22ba4dd22a,0.3800,2026-02-28 19:55:26.664039+00:00
12.00,2026-02-28T19:55:25.534544Z,0.6200,yes,KXKHAMENEIOUT-AKHA-26APR01,07622f10-9f32-7254-8e50-9a1b4195c70a,0.3800,2026-02-28 19:55:25.534544+00:00
63.00,2026-02-28T19:55:24.715881Z,0.6200,yes,KXKHAMENEIOUT-AKHA-26APR01,008d2875-acaa-4d38-f052-f41979ff28aa,0.3800,2026-02-28 19:55:24.715881+00:00
50.00,2026-02-28T19:55:24.301058Z,0.6200,yes,KXKHAMENEIOUT-AKHA-26APR01,614a6ae6-43ea-58f4-5012-1c77dcf91136,0.3800,2026-02-28 19:55:24.301058+00:00
25.00,2026-02-28T19:55:24.149511Z,0.6200,yes,KXKHAMENEIOUT-AKHA-26APR01,fe6878e7-179e-76c8-4078-e6cde35a641e,0.3800,2026-02-28 19:55:24.149511+00:00
453.00,2026-02-28T19:55:23.877694Z,0.6200,yes,KXKHAMENEIOUT-AKHA-26APR01,f92363c0-5ce6-6ad8-50f2-ef14088c5ad2,0.3800,2026-02-28 19:55:23.877694+00:00
5000.00,2026-02-28T19:55:23.596846Z,0.6200,yes,KXKHAMENEIOUT-AKHA-26APR01,bd248354-f8d2-4e60-2e9e-b5416d9f8cb6,0.3800,2026-02-28 19:55:23.596846+00:00
504.00,2026-02-28T19:55:23.041781Z,0.6200,yes,KXKHAMENEIOUT-AKHA-26APR01,e7a7d789-3eb6-604c-a783-9df8d3b5249a,0.3800,2026-02-28 19:55:23.041781+00:00
126.00,2026-02-28T19:55:22.066426Z,0.6200,yes,KXKHAMENEIOUT-AKHA-26APR01,b00175d7-dc2a-7228-bedb-d4bd2a1f573e,0.3800,2026-02-28 19:55:22.066426+00:00
37.00,2026-02-28T19:55:19.67871Z,0.6200,yes,KXKHAMENEIOUT-AKHA-26APR01,6052101a-cf5e-4760-fc2d-ab4672ff7ba6,0.3800,2026-02-28 19:55:19.678710+00:00
12.00,2026-02-28T19:55:18.748023Z,0.6200,yes,KXKHAMENEIOUT-AKHA-26APR01,85f27034-b1b2-7e78-eda9-47141214a8d6,0.3800,2026-02-28 19:55:18.748023+00:00
12.00,2026-02-28T19:55:18.711882Z,0.6200,yes,KXKHAMENEIOUT-AKHA-26APR01,258d0279-0fd2-567c-80dd-2bf300d08916,0.3800,2026-02-28 19:55:18.711882+00:00
126.00,2026-02-28T19:55:18.275401Z,0.6200,yes,KXKHAMENEIOUT-AKHA-26APR01,ee86e27f-a9a2-7d1c-2b29-b43aa3941826,0.3800,2026-02-28 19:55:18.275401+00:00
126.00,2026-02-28T19:55:17.988771Z,0.6200,yes,KXKHAMENEIOUT-AKHA-26APR01,0f4e83b1-9d42-4fa4-74bc-b8307eb6f692,0.3800,2026-02-28 19:55:17.988771+00:00
504.00,2026-02-28T19:55:16.899522Z,0.6200,yes,KXKHAMENEIOUT-AKHA-26APR01,7b202f06-2f76-41f8-ee78-280eb769f7fe,0.3800,2026-02-28 19:55:16.899522+00:00
151.00,2026-02-28T19:55:14.932436Z,0.6200,yes,KXKHAMENEIOUT-AKHA-26APR01,1e307271-33d2-728c-0eeb-33e2c202673e,0.3800,2026-02-28 19:55:14.932436+00:00
103.00,2026-02-28T19:55:14.725469Z,0.6200,yes,KXKHAMENEIOUT-AKHA-26APR01,3d081932-f706-5894-14d5-496b9fade97e,0.3800,2026-02-28 19:55:14.725469+00:00
12.00,2026-02-28T19:55:14.60393Z,0.6200,yes,KXKHAMENEIOUT-AKHA-26APR01,c3884791-c14a-5928-74e2-8496f86a6636,0.3800,2026-02-28 19:55:14.603930+00:00
2522.00,2026-02-28T19:55:14.220209Z,0.6200,yes,KXKHAMENEIOUT-AKHA-26APR01,282c6575-91d2-6a0c-9f77-4c293a61fbe6,0.3800,2026-02-28 19:55:14.220209+00:00
24.00,2026-02-28T19:55:14.020369Z,0.6200,yes,KXKHAMENEIOUT-AKHA-26APR01,6328e8af-f33e-7168-157b-699c013516b2,0.3800,2026-02-28 19:55:14.020369+00:00
378.00,2026-02-28T19:55:13.813114Z,0.6200,yes,KXKHAMENEIOUT-AKHA-26APR01,001d226d-2682-4e6c-d9ea-5945d62f334a,0.3800,2026-02-28 19:55:13.813114+00:00
63.00,2026-02-28T19:55:13.427875Z,0.6200,yes,KXKHAMENEIOUT-AKHA-26APR01,23e4683c-6b76-6594-6ce1-0a474b3e7f76,0.3800,2026-02-28 19:55:13.427875+00:00
55.00,2026-02-28T19:55:12.239674Z,0.6200,yes,KXKHAMENEIOUT-AKHA-26APR01,80ab3ae3-edd6-44d0-f736-85fe01238b0e,0.3800,2026-02-28 19:55:12.239674+00:00
50.00,2026-02-28T19:55:12.12641Z,0.6200,yes,KXKHAMENEIOUT-AKHA-26APR01,72de824f-eb06-5560-f124-51187440bfae,0.3800,2026-02-28 19:55:12.126410+00:00
5.00,2026-02-28T19:55:11.532585Z,0.6200,yes,KXKHAMENEIOUT-AKHA-26APR01,dd5bcd34-07f3-4b48-4534-0764b1297b8f,0.3800,2026-02-28 19:55:11.532585+00:00
37.00,2026-02-28T19:55:11.532585Z,0.6200,yes,KXKHAMENEIOUT-AKHA-26APR01,ccf80856-951b-444e-4554-f7ec0508f77e,0.3800,2026-02-28 19:55:11.532585+00:00
385.00,2026-02-28T19:55:11.532585Z,0.6200,yes,KXKHAMENEIOUT-AKHA-26APR01,a0f22be0-f036-4d6c-5c16-97da6efea8ae,0.3800,2026-02-28 19:55:11.532585+00:00
2091.00,2026-02-28T19:55:11.532585Z,0.6200,yes,KXKHAMENEIOUT-AKHA-26APR01,7393fa86-2d0a-4c97-6432-226340d52e3c,0.3800,2026-02-28 19:55:11.532585+00:00
226.00,2026-02-28T19:55:11.180772Z,0.6200,yes,KXKHAMENEIOUT-AKHA-26APR01,af55c131-4ef6-6003-98b7-b40ce36ba390,0.3800,2026-02-28 19:55:11.180772+00:00
2771.00,2026-02-28T19:55:10.340873Z,0.6200,yes,KXKHAMENEIOUT-AKHA-26APR01,e3b8ab42-466a-6573-c4ca-a8ad643ceb88,0.3800,2026-02-28 19:55:10.340873+00:00
13.00,2026-02-28T19:55:10.339644Z,0.6200,yes,KXKHAMENEIOUT-AKHA-26APR01,ca1e6723-971e-5cf3-0c9f-8aa559af93c8,0.3800,2026-02-28 19:55:10.339644+00:00
50.00,2026-02-28T19:55:10.142502Z,0.6200,yes,KXKHAMENEIOUT-AKHA-26APR01,70a015ba-b2b6-7e0b-fe1e-11c7d287fff8,0.3800,2026-02-28 19:55:10.142502+00:00
5.00,2026-02-28T19:55:09.361678Z,0.6200,yes,KXKHAMENEIOUT-AKHA-26APR01,048b1d96-2eda-4a4f-867c-c8451b0b2578,0.3800,2026-02-28 19:55:09.361678+00:00
100.00,2026-02-28T19:55:09.162777Z,0.6200,yes,KXKHAMENEIOUT-AKHA-26APR01,2c673545-93a2-7027-0f07-4a54ab47502c,0.3800,2026-02-28 19:55:09.162777+00:00
7.00,2026-02-28T19:55:09.115136Z,0.6200,yes,KXKHAMENEIOUT-AKHA-26APR01,590ae493-d5ae-735b-85b5-57f4e95c6fdc,0.3800,2026-02-28 19:55:09.115136+00:00
100.00,2026-02-28T19:55:08.54872Z,0.6200,yes,KXKHAMENEIOUT-AKHA-26APR01,9800707c-29be-57e3-e8f9-36700a5a7218,0.3800,2026-02-28 19:55:08.548720+00:00
126.00,2026-02-28T19:55:08.378201Z,0.6200,yes,KXKHAMENEIOUT-AKHA-26APR01,10b5c0a4-c156-525b-2217-ebfd133263e4,0.3800,2026-02-28 19:55:08.378201+00:00
100.00,2026-02-28T19:55:06.74881Z,0.6200,yes,KXKHAMENEIOUT-AKHA-26APR01,e269ae97-82e2-7717-d112-665576f97cf0,0.3800,2026-02-28 19:55:06.748810+00:00
201.00,2026-02-28T19:55:06.235312Z,0.6200,yes,KXKHAMENEIOUT-AKHA-26APR01,d8cb2969-aa96-6c2b-b4d3-b89007ef0e48,0.3800,2026-02-28 19:55:06.235312+00:00
25.00,2026-02-28T19:55:05.551134Z,0.6200,yes,KXKHAMENEIOUT-AKHA-26APR01,d1e4b437-fece-51a7-43c2-bb5eadd0d128,0.3800,2026-02-28 19:55:05.551134+00:00
12.00,2026-02-28T19:55:04.632195Z,0.6200,yes,KXKHAMENEIOUT-AKHA-26APR01,b22fdb8e-9efe-5017-d819-c77867ec6aec,0.3800,2026-02-28 19:55:04.632195+00:00
49.00,2026-02-28T19:55:04.560877Z,0.6200,yes,KXKHAMENEIOUT-AKHA-26APR01,121584b7-ba4a-4e87-80eb-b0f0c0b53268,0.3800,2026-02-28 19:55:04.560877+00:00
3.00,2026-02-28T19:55:03.961297Z,0.6300,no,KXKHAMENEIOUT-AKHA-26APR01,88e21e74-7d81-6720-0702-d0afe42477b5,0.3700,2026-02-28 19:55:03.961297+00:00
126.00,2026-02-28T19:55:03.009242Z,0.6200,yes,KXKHAMENEIOUT-AKHA-26APR01,13a78978-9a06-5f6f-33a4-3d207cbf0da8,0.3800,2026-02-28 19:55:03.009242+00:00
378.00,2026-02-28T19:55:01.644485Z,0.6200,yes,KXKHAMENEIOUT-AKHA-26APR01,ba2d00b3-df52-7def-a949-99e9cc593e78,0.3800,2026-02-28 19:55:01.644485+00:00
2.00,2026-02-28T19:55:01.118777Z,0.6200,yes,KXKHAMENEIOUT-AKHA-26APR01,d6e2685b-025a-457f-96b9-108f7b6b6450,0.3800,2026-02-28 19:55:01.118777+00:00
504.00,2026-02-28T19:55:00.281551Z,0.6200,yes,KXKHAMENEIOUT-AKHA-26APR01,093eea54-83d2-4a7f-999e-a9a52f0f0670,0.3800,2026-02-28 19:55:00.281551+00:00
25.00,2026-02-28T19:54:59.369297Z,0.6200,yes,KXKHAMENEIOUT-AKHA-26APR01,8abe4a98-481e-49e7-834e-61f83fc93028,0.3800,2026-02-28 19:54:59.369297+00:00
25.00,2026-02-28T19:54:59.033506Z,0.6200,yes,KXKHAMENEIOUT-AKHA-26APR01,4e4b27c9-6a72-623b-a003-324778384674,0.3800,2026-02-28 19:54:59.033506+00:00
63.00,2026-02-28T19:54:56.295504Z,0.6200,yes,KXKHAMENEIOUT-AKHA-26APR01,7683d11e-c9b6-47fb-7240-9efe579f1c44,0.3800,2026-02-28 19:54:56.295504+00:00
378.00,2026-02-28T19:54:55.119977Z,0.6200,yes,KXKHAMENEIOUT-AKHA-26APR01,b0f01a18-d5e2-4f87-748d-ef0b17d3aa88,0.3800,2026-02-28 19:54:55.119977+00:00
1261.00,2026-02-28T19:54:54.815803Z,0.6200,yes,KXKHAMENEIOUT-AKHA-26APR01,8b2548d3-633a-7ceb-cfb2-0fc4fe27beb4,0.3800,2026-02-28 19:54:54.815803+00:00
32.00,2026-02-28T19:54:53.590554Z,0.6200,yes,KXKHAMENEIOUT-AKHA-26APR01,039cfcc7-72c2-71d3-82f4-0f1a712fbc8c,0.3800,2026-02-28 19:54:53.590554+00:00
126.00,2026-02-28T19:54:53.325224Z,0.6200,yes,KXKHAMENEIOUT-AKHA-26APR01,9cb23a9f-0e76-5e0f-953d-5b526201638c,0.3800,2026-02-28 19:54:53.325224+00:00
63.00,2026-02-28T19:54:53.156073Z,0.6200,yes,KXKHAMENEIOUT-AKHA-26APR01,5247bb76-ccd6-70fb-486d-ecbbda0b4e44,0.3800,2026-02-28 19:54:53.156073+00:00
5.00,2026-02-28T19:54:52.928823Z,0.6200,yes,KXKHAMENEIOUT-AKHA-26APR01,2c7e9c77-ae32-676b-78e4-353e1d340930,0.3800,2026-02-28 19:54:52.928823+00:00
252.00,2026-02-28T19:54:52.742187Z,0.6200,yes,KXKHAMENEIOUT-AKHA-26APR01,45febab2-d606-7ca7-345f-5ab41ae22de4,0.3800,2026-02-28 19:54:52.742187+00:00
252.00,2026-02-28T19:54:52.480772Z,0.6200,yes,KXKHAMENEIOUT-AKHA-26APR01,709c92db-e31a-4693-5992-98c04b0034c8,0.3800,2026-02-28 19:54:52.480772+00:00
787.00,2026-02-28T19:54:52.397671Z,0.6300,no,KXKHAMENEIOUT-AKHA-26APR01,c2504234-1375-5524-e42d-1e041278eaa1,0.3700,2026-02-28 19:54:52.397671+00:00
50.00,2026-02-28T19:54:51.547696Z,0.6200,yes,KXKHAMENEIOUT-AKHA-26APR01,fe09201c-2642-6a63-07ad-885b75da36f0,0.3800,2026-02-28 19:54:51.547696+00:00
143.00,2026-02-28T19:54:51.451373Z,0.6200,yes,KXKHAMENEIOUT-AKHA-26APR01,8223414e-b05e-5c37-28a0-2c498ad4505c,0.3800,2026-02-28 19:54:51.451373+00:00
439.00,2026-02-28T19:54:51.245406Z,0.6200,yes,KXKHAMENEIOUT-AKHA-26APR01,bc00ae88-ae86-4f8b-75d2-058d23c3ec64,0.3800,2026-02-28 19:54:51.245406+00:00
146.00,2026-02-28T19:54:51.245406Z,0.6200,yes,KXKHAMENEIOUT-AKHA-26APR01,7ae24f31-2842-4018-577f-38e25507203f,0.3800,2026-02-28 19:54:51.245406+00:00
15.00,2026-02-28T19:54:51.245406Z,0.6200,yes,KXKHAMENEIOUT-AKHA-26APR01,2aa03c7a-0f6f-41df-62d3-8d9e8005c0e9,0.3800,2026-02-28 19:54:51.245406+00:00
150.00,2026-02-28T19:54:51.245406Z,0.6200,yes,KXKHAMENEIOUT-AKHA-26APR01,26ce90e5-dcea-4b99-48d5-fac7fb50ad16,0.3800,2026-02-28 19:54:51.245406+00:00
75.00,2026-02-28T19:54:51.00471Z,0.6200,yes,KXKHAMENEIOUT-AKHA-26APR01,865592d3-599a-6518-1b1f-c6b4b1f730c3,0.3800,2026-02-28 19:54:51.004710+00:00
209.00,2026-02-28T19:54:50.844949Z,0.6200,yes,KXKHAMENEIOUT-AKHA-26APR01,54b8079c-f366-6434-40e1-2207f131c237,0.3800,2026-02-28 19:54:50.844949+00:00
12.00,2026-02-28T19:54:50.779013Z,0.6200,yes,KXKHAMENEIOUT-AKHA-26APR01,b6b4712f-b7aa-4714-94ac-dee9fdb1ffbb,0.3800,2026-02-28 19:54:50.779013+00:00
1261.00,2026-02-28T19:54:50.748037Z,0.6200,yes,KXKHAMENEIOUT-AKHA-26APR01,38b09c8f-ac92-4168-d969-d8242c17643f,0.3800,2026-02-28 19:54:50.748037+00:00
100.00,2026-02-28T19:54:50.348425Z,0.6300,no,KXKHAMENEIOUT-AKHA-26APR01,bf217261-ca99-4970-46ae-366a7507d285,0.3700,2026-02-28 19:54:50.348425+00:00
2500.00,2026-02-28T19:54:49.795046Z,0.6200,yes,KXKHAMENEIOUT-AKHA-26APR01,58fa7106-1c0a-4894-d612-923a0714b42f,0.3800,2026-02-28 19:54:49.795046+00:00
126.00,2026-02-28T19:54:49.361986Z,0.6200,yes,KXKHAMENEIOUT-AKHA-26APR01,0204da59-d942-7e90-3ed7-c701c73a78cb,0.3800,2026-02-28 19:54:49.361986+00:00
500.00,2026-02-28T19:54:49.164995Z,0.6200,yes,KXKHAMENEIOUT-AKHA-26APR01,eb742a26-939a-4c88-3958-cbe586ec89b3,0.3800,2026-02-28 19:54:49.164995+00:00
126.00,2026-02-28T19:54:48.111142Z,0.6200,yes,KXKHAMENEIOUT-AKHA-26APR01,383b1244-3a8e-6e58-14fc-a245a5a19113,0.3800,2026-02-28 19:54:48.111142+00:00
12.00,2026-02-28T19:54:47.266215Z,0.6200,yes,KXKHAMENEIOUT-AKHA-26APR01,10d6c063-9bae-4cb4-8c0f-8786ff564e5f,0.3800,2026-02-28 19:54:47.266215+00:00
496.00,2026-02-28T19:54:47.048861Z,0.6200,yes,KXKHAMENEIOUT-AKHA-26APR01,51bf2539-34d2-5d20-3bb9-5f8cc8782abf,0.3800,2026-02-28 19:54:47.048861+00:00
129.00,2026-02-28T19:54:47.018793Z,0.6300,no,KXKHAMENEIOUT-AKHA-26APR01,f6f4658d-bd01-6ac0-6151-acbab5ba8071,0.3700,2026-02-28 19:54:47.018793+00:00
504.00,2026-02-28T19:54:45.143689Z,0.6200,yes,KXKHAMENEIOUT-AKHA-26APR01,09f2eaa4-40fe-7d94-ea18-3c00bd0f6afb,0.3800,2026-02-28 19:54:45.143689+00:00
25.00,2026-02-28T19:54:44.958423Z,0.6300,no,KXKHAMENEIOUT-AKHA-26APR01,0cf1cd81-f365-5bd4-8b01-2595c5805ce1,0.3700,2026-02-28 19:54:44.958423+00:00
126.00,2026-02-28T19:54:44.892766Z,0.6200,yes,KXKHAMENEIOUT-AKHA-26APR01,84d88db0-ec7a-4044-9332-62b9db453253,0.3800,2026-02-28 19:54:44.892766+00:00
1008.00,2026-02-28T19:54:44.762816Z,0.6200,yes,KXKHAMENEIOUT-AKHA-26APR01,d12ccee4-b076-5e18-f060-d5d2e33ce57f,0.3800,2026-02-28 19:54:44.762816+00:00
5.00,2026-02-28T19:54:43.590851Z,0.6200,yes,KXKHAMENEIOUT-AKHA-26APR01,3f1e06bb-f63e-4be0-ffbf-5c0f2677ff83,0.3800,2026-02-28 19:54:43.590851+00:00
63.00,2026-02-28T19:54:43.255111Z,0.6200,yes,KXKHAMENEIOUT-AKHA-26APR01,6c8e37b5-8f26-5000-dded-a9fce623219b,0.3800,2026-02-28 19:54:43.255111+00:00
12.00,2026-02-28T19:54:43.05513Z,0.6200,yes,KXKHAMENEIOUT-AKHA-26APR01,ee0055b2-fb62-7148-5f79-0607189663a7,0.3800,2026-02-28 19:54:43.055130+00:00
500.00,2026-02-28T19:54:42.872493Z,0.6200,yes,KXKHAMENEIOUT-AKHA-26APR01,e17b9b47-40c6-60a0-8a47-5b672184c75f,0.3800,2026-02-28 19:54:42.872493+00:00
48.00,2026-02-28T19:54:42.788658Z,0.6300,no,KXKHAMENEIOUT-AKHA-26APR01,fb861d36-bf4d-73bc-c457-05766204e3d9,0.3700,2026-02-28 19:54:42.788658+00:00
5000.00,2026-02-28T19:54:40.939531Z,0.6300,no,KXKHAMENEIOUT-AKHA-26APR01,43cb9944-79cd-759c-4d1d-c5d19965e72d,0.3700,2026-02-28 19:54:40.939531+00:00
50.00,2026-02-28T19:54:40.191392Z,0.6200,yes,KXKHAMENEIOUT-AKHA-26APR01,f80ba691-5a46-6ae4-775d-fd3dba1ee897,0.3800,2026-02-28 19:54:40.191392+00:00
25.00,2026-02-28T19:54:38.97509Z,0.6200,yes,KXKHAMENEIOUT-AKHA-26APR01,74a8d5bc-fb3e-7c54-ae6a-785fad081e57,0.3800,2026-02-28 19:54:38.975090+00:00
52.00,2026-02-28T19:54:38.188746Z,0.6200,yes,KXKHAMENEIOUT-AKHA-26APR01,27918929-c656-7fcc-bccb-caed098c40c7,0.3800,2026-02-28 19:54:38.188746+00:00
252.00,2026-02-28T19:54:37.661786Z,0.6200,yes,KXKHAMENEIOUT-AKHA-26APR01,85df309a-e9ea-7f54-a6f8-0af4666a9917,0.3800,2026-02-28 19:54:37.661786+00:00
25.00,2026-02-28T19:54:37.243655Z,0.6200,yes,KXKHAMENEIOUT-AKHA-26APR01,16ac347b-e08a-6308-f8b2-09f3e08765ff,0.3800,2026-02-28 19:54:37.243655+00:00
45.00,2026-02-28T19:54:36.703916Z,0.6200,yes,KXKHAMENEIOUT-AKHA-26APR01,64911f21-e912-7584-a29d-9fb5dfa4644b,0.3800,2026-02-28 19:54:36.703916+00:00
25.00,2026-02-28T19:54:36.478775Z,0.6200,yes,KXKHAMENEIOUT-AKHA-26APR01,1c28efb5-100a-7d7c-2ec4-0f608e6db0e7,0.3800,2026-02-28 19:54:36.478775+00:00
25.00,2026-02-28T19:54:35.140175Z,0.6200,yes,KXKHAMENEIOUT-AKHA-26APR01,9ebd2ed0-4eaa-4500-3881-7d2edc27262b,0.3800,2026-02-28 19:54:35.140175+00:00
2522.00,2026-02-28T19:54:34.875195Z,0.6200,yes,KXKHAMENEIOUT-AKHA-26APR01,6ad301f0-7cca-6020-5056-f3ae0567409b,0.3800,2026-02-28 19:54:34.875195+00:00
2.00,2026-02-28T19:54:33.569906Z,0.6200,yes,KXKHAMENEIOUT-AKHA-26APR01,50926d23-e69a-50fc-5d87-41deb4bd1f83,0.3800,2026-02-28 19:54:33.569906+00:00
37.00,2026-02-28T19:54:33.565466Z,0.6200,yes,KXKHAMENEIOUT-AKHA-26APR01,56d75b1e-a9ce-7104-9175-381be5efd52b,0.3800,2026-02-28 19:54:33.565466+00:00
150.00,2026-02-28T19:54:32.829719Z,0.6300,no,KXKHAMENEIOUT-AKHA-26APR01,b146bb66-f219-51fc-faa8-4934117bfe55,0.3700,2026-02-28 19:54:32.829719+00:00
25.00,2026-02-28T19:54:32.45505Z,0.6200,yes,KXKHAMENEIOUT-AKHA-26APR01,4585103a-6162-62fc-2676-15d52f3ddd6b,0.3800,2026-02-28 19:54:32.455050+00:00
252.00,2026-02-28T19:54:32.305756Z,0.6200,yes,KXKHAMENEIOUT-AKHA-26APR01,b96a14a7-765a-751c-27a6-c2855f2cb433,0.3800,2026-02-28 19:54:32.305756+00:00
36.00,2026-02-28T19:54:31.94729Z,0.6300,no,KXKHAMENEIOUT-AKHA-26APR01,4b90f006-9805-5a90-fa31-1c07b0fa75a5,0.3700,2026-02-28 19:54:31.947290+00:00
50.00,2026-02-28T19:54:30.647739Z,0.6200,yes,KXKHAMENEIOUT-AKHA-26APR01,ea3f92ef-fe5e-6758-8966-013204a0f773,0.3800,2026-02-28 19:54:30.647739+00:00
16.00,2026-02-28T19:54:28.635495Z,0.6300,no,KXKHAMENEIOUT-AKHA-26APR01,c1578ba6-6ecf-783a-5239-5d307b484a57,0.3700,2026-02-28 19:54:28.635495+00:00
4785.00,2026-02-28T19:54:28.635495Z,0.6300,no,KXKHAMENEIOUT-AKHA-26APR01,a2737843-3dad-72ab-676e-74590b4eb822,0.3700,2026-02-28 19:54:28.635495+00:00
4688.00,2026-02-28T19:54:28.635495Z,0.6300,no,KXKHAMENEIOUT-AKHA-26APR01,2472dfd0-563d-77a8-6fca-1bbb652a86d1,0.3700,2026-02-28 19:54:28.635495+00:00
136.00,2026-02-28T19:54:26.929735Z,0.6200,yes,KXKHAMENEIOUT-AKHA-26APR01,aae12772-0006-6a84-05b5-317873674733,0.3800,2026-02-28 19:54:26.929735+00:00
2.00,2026-02-28T19:54:26.921896Z,0.6200,yes,KXKHAMENEIOUT-AKHA-26APR01,d06aa779-1f22-7ef4-1d62-e17b856bc27f,0.3800,2026-02-28 19:54:26.921896+00:00
250.00,2026-02-28T19:54:26.841508Z,0.6200,yes,KXKHAMENEIOUT-AKHA-26APR01,0a31c50a-6482-697c-6543-513292a969cf,0.3800,2026-02-28 19:54:26.841508+00:00
50.00,2026-02-28T19:54:26.742708Z,0.6200,yes,KXKHAMENEIOUT-AKHA-26APR01,87ec82d0-22ca-70f4-8cf1-c3e435eb665f,0.3800,2026-02-28 19:54:26.742708+00:00
126.00,2026-02-28T19:54:26.389129Z,0.6200,yes,KXKHAMENEIOUT-AKHA-26APR01,136024ef-296e-7fd0-5701-894047832aa7,0.3800,2026-02-28 19:54:26.389129+00:00
252.00,2026-02-28T19:54:26.325563Z,0.6200,yes,KXKHAMENEIOUT-AKHA-26APR01,6b4ec85c-8f26-7100-6dab-781b036a7a87,0.3800,2026-02-28 19:54:26.325563+00:00
252.00,2026-02-28T19:54:22.519111Z,0.6200,yes,KXKHAMENEIOUT-AKHA-26APR01,3e040343-a22e-6994-4d36-69d901862a1f,0.3800,2026-02-28 19:54:22.519111+00:00
252.00,2026-02-28T19:54:21.701568Z,0.6200,yes,KXKHAMENEIOUT-AKHA-26APR01,b5c1b194-54be-430c-8e6f-cd95ab732edb,0.3800,2026-02-28 19:54:21.701568+00:00
252.00,2026-02-28T19:54:21.420441Z,0.6200,yes,KXKHAMENEIOUT-AKHA-26APR01,cc7fb4de-4516-5244-fd52-74e6bb774223,0.3800,2026-02-28 19:54:21.420441+00:00
12.00,2026-02-28T19:54:20.517385Z,0.6200,yes,KXKHAMENEIOUT-AKHA-26APR01,01629e20-20a6-7e54-0bf5-8997a9f7647b,0.3800,2026-02-28 19:54:20.517385+00:00
11.00,2026-02-28T19:54:20.146745Z,0.6200,yes,KXKHAMENEIOUT-AKHA-26APR01,f649615c-2b8e-4b40-7bdc-121b22f734f3,0.3800,2026-02-28 19:54:20.146745+00:00
504.00,2026-02-28T19:54:18.608855Z,0.6200,yes,KXKHAMENEIOUT-AKHA-26APR01,b0181e31-273a-772c-14c8-0f1a42b00b4f,0.3800,2026-02-28 19:54:18.608855+00:00
2.00,2026-02-28T19:54:17.640898Z,0.6200,yes,KXKHAMENEIOUT-AKHA-26APR01,65ecfb49-afbe-56c8-a7c9-2815ddcabb5b,0.3800,2026-02-28 19:54:17.640898+00:00
126.00,2026-02-28T19:54:17.280552Z,0.6200,yes,KXKHAMENEIOUT-AKHA-26APR01,35c8ad60-a462-6d2c-6a7a-5a16c121fd63,0.3800,2026-02-28 19:54:17.280552+00:00
1261.00,2026-02-28T19:54:17.017081Z,0.6200,yes,KXKHAMENEIOUT-AKHA-26APR01,5cd68586-c8f6-7948-cad8-072be54ee647,0.3800,2026-02-28 19:54:17.017081+00:00
504.00,2026-02-28T19:54:15.688877Z,0.6200,yes,KXKHAMENEIOUT-AKHA-26APR01,4008bb3a-6b12-71d8-9a16-d0e5f4d257fb,0.3800,2026-02-28 19:54:15.688877+00:00
26.00,2026-02-28T19:54:15.435205Z,0.6200,yes,KXKHAMENEIOUT-AKHA-26APR01,76fbe853-597e-6a28-895c-fd6cf990cabb,0.3800,2026-02-28 19:54:15.435205+00:00
15.00,2026-02-28T19:54:14.291683Z,0.6200,yes,KXKHAMENEIOUT-AKHA-26APR01,f556d772-e17e-44fc-5dd4-c6b21ce512db,0.3800,2026-02-28 19:54:14.291683+00:00
126.00,2026-02-28T19:54:14.147311Z,0.6200,yes,KXKHAMENEIOUT-AKHA-26APR01,70057dac-1272-4830-07aa-93826fa25d6f,0.3800,2026-02-28 19:54:14.147311+00:00
25.00,2026-02-28T19:54:13.264622Z,0.6200,yes,KXKHAMENEIOUT-AKHA-26APR01,ad57f61a-cd3a-59e0-00ab-b17ac6fc8903,0.3800,2026-02-28 19:54:13.264622+00:00
25.00,2026-02-28T19:54:12.562295Z,0.6200,yes,KXKHAMENEIOUT-AKHA-26APR01,172f144e-da1a-53b0-d6dc-4d94697328ef,0.3800,2026-02-28 19:54:12.562295+00:00
63.00,2026-02-28T19:54:12.062113Z,0.6200,yes,KXKHAMENEIOUT-AKHA-26APR01,5a7b04f7-839a-4874-e75b-dbd8d89faab7,0.3800,2026-02-28 19:54:12.062113+00:00
100.00,2026-02-28T19:54:11.957493Z,0.6200,yes,KXKHAMENEIOUT-AKHA-26APR01,a9e70da9-eaea-44cc-01d6-89d00f327b4b,0.3800,2026-02-28 19:54:11.957493+00:00
3.00,2026-02-28T19:54:11.210701Z,0.6200,yes,KXKHAMENEIOUT-AKHA-26APR01,3855f646-3eda-5154-ffb4-0a97bf5121a7,0.3800,2026-02-28 19:54:11.210701+00:00
630.00,2026-02-28T19:54:11.113543Z,0.6200,yes,KXKHAMENEIOUT-AKHA-26APR01,1166e5b3-476a-7afc-3ed2-dddf64672907,0.3800,2026-02-28 19:54:11.113543+00:00
25.00,2026-02-28T19:54:09.526094Z,0.6200,yes,KXKHAMENEIOUT-AKHA-26APR01,81af4d9a-4c7a-61d0-9e95-eb3a22fa1f07,0.3800,2026-02-28 19:54:09.526094+00:00
1.00,2026-02-28T19:54:09.51937Z,0.6200,yes,KXKHAMENEIOUT-AKHA-26APR01,c48d0254-d632-5930-ad82-41a3ba99ad8f,0.3800,2026-02-28 19:54:09.519370+00:00
126.00,2026-02-28T19:54:08.555711Z,0.6200,yes,KXKHAMENEIOUT-AKHA-26APR01,429ec8fc-a82a-7984-89ea-0ee82cba7b87,0.3800,2026-02-28 19:54:08.555711+00:00
378.00,2026-02-28T19:54:08.506633Z,0.6200,yes,KXKHAMENEIOUT-AKHA-26APR01,4c7494bd-0926-5460-7da2-0de32e4bbdeb,0.3800,2026-02-28 19:54:08.506633+00:00
186.00,2026-02-28T19:54:07.964842Z,0.6300,no,KXKHAMENEIOUT-AKHA-26APR01,998e19e0-f899-75c3-1151-5b6ddb444a72,0.3700,2026-02-28 19:54:07.964842+00:00
25.00,2026-02-28T19:54:06.454457Z,0.6200,yes,KXKHAMENEIOUT-AKHA-26APR01,2a27cf16-122e-6a30-0489-5aa4215a5093,0.3800,2026-02-28 19:54:06.454457+00:00
1261.00,2026-02-28T19:54:06.313627Z,0.6200,yes,KXKHAMENEIOUT-AKHA-26APR01,81826257-b446-4c1c-2ac5-756ed7628c9f,0.3800,2026-02-28 19:54:06.313627+00:00
37.00,2026-02-28T19:54:05.435095Z,0.6200,yes,KXKHAMENEIOUT-AKHA-26APR01,4fad4164-b72a-5570-f9c2-ea5c15ae9a1b,0.3800,2026-02-28 19:54:05.435095+00:00
12.00,2026-02-28T19:54:05.167761Z,0.6200,yes,KXKHAMENEIOUT-AKHA-26APR01,5d778542-8852-68c0-f1b5-1007fefcc277,0.3800,2026-02-28 19:54:05.167761+00:00
1765.00,2026-02-28T19:54:04.780275Z,0.6200,yes,KXKHAMENEIOUT-AKHA-26APR01,1a91a9a7-2542-4f88-d125-9ab67d1a528b,0.3800,2026-02-28 19:54:04.780275+00:00
297.00,2026-02-28T19:54:04.276515Z,0.6200,yes,KXKHAMENEIOUT-AKHA-26APR01,ec7cf9b9-7c8e-5e54-f024-256f48efbecf,0.3800,2026-02-28 19:54:04.276515+00:00
81.00,2026-02-28T19:54:04.276515Z,0.6200,yes,KXKHAMENEIOUT-AKHA-26APR01,b329ff8a-adc6-5afc-e6e2-0c5a603269bd,0.3800,2026-02-28 19:54:04.276515+00:00
5.00,2026-02-28T19:54:03.387409Z,0.6200,yes,KXKHAMENEIOUT-AKHA-26APR01,789da9c1-5c76-539c-b3f2-290b41e74625,0.3800,2026-02-28 19:54:03.387409+00:00
47.00,2026-02-28T19:54:02.809966Z,0.6300,no,KXKHAMENEIOUT-AKHA-26APR01,84dcf24f-3a65-70df-3610-aab3cb6f28c6,0.3700,2026-02-28 19:54:02.809966+00:00
1.00,2026-02-28T19:54:02.387375Z,0.6200,yes,KXKHAMENEIOUT-AKHA-26APR01,f2a1ede2-3a95-5c53-2fe8-af1ed1066d53,0.3800,2026-02-28 19:54:02.387375+00:00
14.00,2026-02-28T19:54:02.387375Z,0.6200,yes,KXKHAMENEIOUT-AKHA-26APR01,806e1d2a-2312-51c0-1057-95a71815afa1,0.3800,2026-02-28 19:54:02.387375+00:00
111.00,2026-02-28T19:54:02.387375Z,0.6200,yes,KXKHAMENEIOUT-AKHA-26APR01,3c16f990-42c9-53c1-068d-fa76e6b320a3,0.3800,2026-02-28 19:54:02.387375+00:00
123.00,2026-02-28T19:54:02.281476Z,0.6200,yes,KXKHAMENEIOUT-AKHA-26APR01,6ae865af-38bd-6fc5-9332-226edfa5634b,0.3800,2026-02-28 19:54:02.281476+00:00
1261.00,2026-02-28T19:54:01.783634Z,0.6200,yes,KXKHAMENEIOUT-AKHA-26APR01,3bdadbcb-d64d-5209-c8a7-082623a954b7,0.3800,2026-02-28 19:54:01.783634+00:00
252.00,2026-02-28T19:53:59.232897Z,0.6200,yes,KXKHAMENEIOUT-AKHA-26APR01,6b857097-5815-5569-91cc-163439bd8dc3,0.3800,2026-02-28 19:53:59.232897+00:00
3.00,2026-02-28T19:53:59.115552Z,0.6200,yes,KXKHAMENEIOUT-AKHA-26APR01,c4e5060d-0325-7fe9-dacb-3d60f390db7f,0.3800,2026-02-28 19:53:59.115552+00:00
496.00,2026-02-28T19:53:58.135805Z,0.6200,yes,KXKHAMENEIOUT-AKHA-26APR01,1ee53484-e3a1-6ad1-d2f3-0c0183f3736f,0.3800,2026-02-28 19:53:58.135805+00:00
252.00,2026-02-28T19:53:57.959531Z,0.6200,yes,KXKHAMENEIOUT-AKHA-26APR01,3f149618-7d0d-4421-3b00-19f019d36cf7,0.3800,2026-02-28 19:53:57.959531+00:00
5.00,2026-02-28T19:53:57.794381Z,0.6200,yes,KXKHAMENEIOUT-AKHA-26APR01,cd8eda4e-35e1-73f5-d1f7-0560453f3173,0.3800,2026-02-28 19:53:57.794381+00:00
50.00,2026-02-28T19:53:57.745341Z,0.6200,yes,KXKHAMENEIOUT-AKHA-26APR01,6b89ac51-b00d-7a39-57ea-5848037b5e43,0.3800,2026-02-28 19:53:57.745341+00:00
126.00,2026-02-28T19:53:57.401732Z,0.6200,yes,KXKHAMENEIOUT-AKHA-26APR01,6128124e-0f25-7e09-43e2-5812bec061cf,0.3800,2026-02-28 19:53:57.401732+00:00
252.00,2026-02-28T19:53:57.312572Z,0.6200,yes,KXKHAMENEIOUT-AKHA-26APR01,ba9f47bd-9089-4a79-8626-d6600d33f5bb,0.3800,2026-02-28 19:53:57.312572+00:00
5044.00,2026-02-28T19:53:57.278422Z,0.6200,yes,KXKHAMENEIOUT-AKHA-26APR01,b7783f74-25c9-58f9-cdc4-4b3713fb714b,0.3800,2026-02-28 19:53:57.278422+00:00
25.00,2026-02-28T19:53:57.070936Z,0.6200,yes,KXKHAMENEIOUT-AKHA-26APR01,99da22dd-0e31-5cdd-0775-b6bdf934c8b7,0.3800,2026-02-28 19:53:57.070936+00:00
504.00,2026-02-28T19:53:55.729875Z,0.6200,yes,KXKHAMENEIOUT-AKHA-26APR01,b8804bcc-bb75-6f45-12cd-592fcc630c3b,0.3800,2026-02-28 19:53:55.729875+00:00
152.00,2026-02-28T19:53:55.356983Z,0.6300,no,KXKHAMENEIOUT-AKHA-26APR01,fd5579e5-4aa1-5953-ce33-a827cd831d36,0.3700,2026-02-28 19:53:55.356983+00:00
252.00,2026-02-28T19:53:54.710275Z,0.6200,yes,KXKHAMENEIOUT-AKHA-26APR01,7c6a4953-6f2d-638d-57f4-6663305be057,0.3800,2026-02-28 19:53:54.710275+00:00
1244.00,2026-02-28T19:53:53.932209Z,0.6200,yes,KXKHAMENEIOUT-AKHA-26APR01,f06331bf-532d-53d1-e19f-aa5d0e8e21af,0.3800,2026-02-28 19:53:53.932209+00:00
19.00,2026-02-28T19:53:53.932209Z,0.6200,yes,KXKHAMENEIOUT-AKHA-26APR01,d94ee3d7-f6f2-57dd-cfc8-c43f951e1a11,0.3800,2026-02-28 19:53:53.932209+00:00
150.00,2026-02-28T19:53:53.932209Z,0.6200,yes,KXKHAMENEIOUT-AKHA-26APR01,d407522b-8ce6-5485-e238-bd203c3f625c,0.3800,2026-02-28 19:53:53.932209+00:00
100.00,2026-02-28T19:53:53.932209Z,0.6200,yes,KXKHAMENEIOUT-AKHA-26APR01,b03bc02b-50fe-52ac-dfda-7438d0ccab86,0.3800,2026-02-28 19:53:53.932209+00:00
77.00,2026-02-28T19:53:52.831284Z,0.6300,no,KXKHAMENEIOUT-AKHA-26APR01,597cfec2-1101-7a7f-9206-2d3d231dede6,0.3700,2026-02-28 19:53:52.831284+00:00
126.00,2026-02-28T19:53:52.141202Z,0.6200,yes,KXKHAMENEIOUT-AKHA-26APR01,0d260802-df9e-613d-d855-edd36c9d5c99,0.3800,2026-02-28 19:53:52.141202+00:00
126.00,2026-02-28T19:53:51.747843Z,0.6200,yes,KXKHAMENEIOUT-AKHA-26APR01,6024cf55-d27a-478d-d771-8ef83dd51f05,0.3800,2026-02-28 19:53:51.747843+00:00
75.00,2026-02-28T19:53:50.214865Z,0.6200,yes,KXKHAMENEIOUT-AKHA-26APR01,f8be58c4-584e-6641-b414-6660a468b1dd,0.3800,2026-02-28 19:53:50.214865+00:00
354.00,2026-02-28T19:53:49.884543Z,0.6200,yes,KXKHAMENEIOUT-AKHA-26APR01,9860a020-c002-5bfd-b9b9-c14d399163fd,0.3800,2026-02-28 19:53:49.884543+00:00
276.00,2026-02-28T19:53:49.884543Z,0.6200,yes,KXKHAMENEIOUT-AKHA-26APR01,48eed206-fe60-52ea-b6f9-761b237685da,0.3800,2026-02-28 19:53:49.884543+00:00
504.00,2026-02-28T19:53:49.509251Z,0.6200,yes,KXKHAMENEIOUT-AKHA-26APR01,aadf8fa6-d868-6d2a-aa91-b75c9fde55ae,0.3800,2026-02-28 19:53:49.509251+00:00
252.00,2026-02-28T19:53:48.794694Z,0.6200,yes,KXKHAMENEIOUT-AKHA-26APR01,2b25cd14-1750-7686-48b9-c723b57b3a5e,0.3800,2026-02-28 19:53:48.794694+00:00
252.00,2026-02-28T19:53:48.659318Z,0.6200,yes,KXKHAMENEIOUT-AKHA-26APR01,d8eebe04-48a8-44e2-4a96-d495c053e176,0.3800,2026-02-28 19:53:48.659318+00:00
913.00,2026-02-28T19:53:47.711674Z,0.6300,no,KXKHAMENEIOUT-AKHA-26APR01,0ca801a8-1d19-4c23-06fe-c437f6a80112,0.3700,2026-02-28 19:53:47.711674+00:00
126.00,2026-02-28T19:53:47.268513Z,0.6200,yes,KXKHAMENEIOUT-AKHA-26APR01,7943c414-0ebc-7b7a-839e-255e199fe97a,0.3800,2026-02-28 19:53:47.268513+00:00
25.00,2026-02-28T19:53:45.282784Z,0.6200,yes,KXKHAMENEIOUT-AKHA-26APR01,66be3d0d-37a4-7776-7b88-71c7c5c3fe1a,0.3800,2026-02-28 19:53:45.282784+00:00
25.00,2026-02-28T19:53:45.276403Z,0.6200,yes,KXKHAMENEIOUT-AKHA-26APR01,a8401efa-b2cc-68ce-52d8-6cf6eb9521b2,0.3800,2026-02-28 19:53:45.276403+00:00
1.00,2026-02-28T19:53:44.94838Z,0.6200,yes,KXKHAMENEIOUT-AKHA-26APR01,377c1e73-13d4-6ac2-ba8f-d3a1f1833942,0.3800,2026-02-28 19:53:44.948380+00:00
25.00,2026-02-28T19:53:43.830861Z,0.6200,yes,KXKHAMENEIOUT-AKHA-26APR01,97e83255-3150-5daa-0b62-31b12d9ca292,0.3800,2026-02-28 19:53:43.830861+00:00
2.00,2026-02-28T19:53:43.69747Z,0.6200,yes,KXKHAMENEIOUT-AKHA-26APR01,57a08c75-c8c0-6486-a405-e1d09ee09552,0.3800,2026-02-28 19:53:43.697470+00:00
50.00,2026-02-28T19:53:42.317852Z,0.6200,yes,KXKHAMENEIOUT-AKHA-26APR01,689c5747-b5ac-5b42-7fc4-04c872f08232,0.3800,2026-02-28 19:53:42.317852+00:00
1043.00,2026-02-28T19:53:40.958454Z,0.6300,no,KXKHAMENEIOUT-AKHA-26APR01,abf7e6df-92c1-7d2b-9ec1-02df167ff95e,0.3700,2026-02-28 19:53:40.958454+00:00
630.00,2026-02-28T19:53:40.728851Z,0.6200,yes,KXKHAMENEIOUT-AKHA-26APR01,d4cf04be-f284-59c2-d0b7-871c7da56e42,0.3800,2026-02-28 19:53:40.728851+00:00
756.00,2026-02-28T19:53:40.348748Z,0.6200,yes,KXKHAMENEIOUT-AKHA-26APR01,d5e5a25d-7bdc-47f6-7434-ca8c44cb68b6,0.3800,2026-02-28 19:53:40.348748+00:00
25.00,2026-02-28T19:53:39.819116Z,0.6200,yes,KXKHAMENEIOUT-AKHA-26APR01,52dcb1f3-5144-4eee-e6f9-b884db50a39a,0.3800,2026-02-28 19:53:39.819116+00:00
64.00,2026-02-28T19:53:39.137993Z,0.6200,yes,KXKHAMENEIOUT-AKHA-26APR01,c815ce6a-a83c-5eca-907e-4d00ed6c7c1a,0.3800,2026-02-28 19:53:39.137993+00:00
2522.00,2026-02-28T19:53:38.520896Z,0.6200,yes,KXKHAMENEIOUT-AKHA-26APR01,d59b0b7c-0904-73e2-ab18-49981ce459c2,0.3800,2026-02-28 19:53:38.520896+00:00
1000.00,2026-02-28T19:53:38.330199Z,0.6200,yes,KXKHAMENEIOUT-AKHA-26APR01,2eeaa96d-f56c-4c66-7ebd-b9628bf85cf6,0.3800,2026-02-28 19:53:38.330199+00:00
504.00,2026-02-28T19:53:38.15124Z,0.6200,yes,KXKHAMENEIOUT-AKHA-26APR01,4cc584c4-2c6c-40d6-c1c3-e48a1637df6a,0.3800,2026-02-28 19:53:38.151240+00:00
431.00,2026-02-28T19:53:37.750952Z,0.6200,yes,KXKHAMENEIOUT-AKHA-26APR01,0298fc63-e964-4cae-8831-59191183212e,0.3800,2026-02-28 19:53:37.750952+00:00
100.00,2026-02-28T19:53:37.39286Z,0.6200,yes,KXKHAMENEIOUT-AKHA-26APR01,9eb01fcb-9ac4-46fa-6e51-2d183e9bd122,0.3800,2026-02-28 19:53:37.392860+00:00
124.00,2026-02-28T19:53:36.208555Z,0.6200,yes,KXKHAMENEIOUT-AKHA-26APR01,068913d0-e20c-6896-e90a-acce24d20422,0.3800,2026-02-28 19:53:36.208555+00:00
1261.00,2026-02-28T19:53:35.985759Z,0.6200,yes,KXKHAMENEIOUT-AKHA-26APR01,f246b85d-10a0-4806-6ed2-e248b76bb782,0.3800,2026-02-28 19:53:35.985759+00:00
126.00,2026-02-28T19:53:35.639457Z,0.6200,yes,KXKHAMENEIOUT-AKHA-26APR01,2c046080-9280-68f6-7bb5-94d5933d9f9a,0.3800,2026-02-28 19:53:35.639457+00:00
12.00,2026-02-28T19:53:35.525503Z,0.6200,yes,KXKHAMENEIOUT-AKHA-26APR01,16cbfd48-3b84-59da-6f9a-7ef18d8abc0a,0.3800,2026-02-28 19:53:35.525503+00:00
42.00,2026-02-28T19:53:35.152422Z,0.6200,yes,KXKHAMENEIOUT-AKHA-26APR01,8a73387a-50cc-6eda-dc24-e866cca54d9e,0.3800,2026-02-28 19:53:35.152422+00:00
1513.00,2026-02-28T19:53:34.479804Z,0.6200,yes,KXKHAMENEIOUT-AKHA-26APR01,40aad511-f800-4a9a-9f10-f1ca77daba22,0.3800,2026-02-28 19:53:34.479804+00:00
20.00,2026-02-28T19:53:33.681752Z,0.6200,yes,KXKHAMENEIOUT-AKHA-26APR01,4461d03b-1b60-50c6-3a09-ef8458335772,0.3800,2026-02-28 19:53:33.681752+00:00
630.00,2026-02-28T19:53:33.329565Z,0.6200,yes,KXKHAMENEIOUT-AKHA-26APR01,1fac7f4d-1834-59c6-2ad9-04f57d860496,0.3800,2026-02-28 19:53:33.329565+00:00
1875.00,2026-02-28T19:53:33.111498Z,0.6300,no,KXKHAMENEIOUT-AKHA-26APR01,58459c51-74b5-5a3f-7540-9da4127d5b56,0.3700,2026-02-28 19:53:33.111498+00:00
12.00,2026-02-28T19:53:32.84332Z,0.6200,yes,KXKHAMENEIOUT-AKHA-26APR01,5d3bc204-1570-5aee-14eb-b3620bacb7a2,0.3800,2026-02-28 19:53:32.843320+00:00
504.00,2026-02-28T19:53:32.666563Z,0.6200,yes,KXKHAMENEIOUT-AKHA-26APR01,549b1ab8-eb84-4eee-dddf-7afcc055a742,0.3800,2026-02-28 19:53:32.666563+00:00
252.00,2026-02-28T19:53:32.496789Z,0.6200,yes,KXKHAMENEIOUT-AKHA-26APR01,2c875f23-eec8-6532-7c84-bbc3e5681e66,0.3800,2026-02-28 19:53:32.496789+00:00
